<?xml version="1.0" encoding="UTF-8"?>
<marc:collection xmlns:xsi="http://www.w3.org/2001/XMLSchema-instance"
                 xmlns:marc="http://www.loc.gov/MARC21/slim"
                 xsi:schemaLocation="http://www.loc.gov/MARC21/slim http://www.loc.gov/standards/marcxml/schema/MARC21slim.xsd">
   <marc:record>
      <marc:leader>     nam  22     uu 4500</marc:leader>
      <marc:controlfield tag="008">      s1964       ||||| ||||||||||||||||</marc:controlfield>
      <marc:datafield tag="245" ind1="1" ind2="0">
         <marc:subfield code="a">Handbook of Mathematical Functions with Formulas, Graphs, and Mathematical Tables</marc:subfield>
      </marc:datafield>
      <marc:datafield tag="700" ind1="1" ind2=" ">
         <marc:subfield code="a">Milton Abramowitz</marc:subfield>
         <marc:subfield code="e">author</marc:subfield>
      </marc:datafield>
      <marc:datafield tag="700" ind1="1" ind2=" ">
         <marc:subfield code="a">Irene A. Stegun</marc:subfield>
         <marc:subfield code="e">author</marc:subfield>
      </marc:datafield>
      
      <marc:datafield tag="655" ind1=" " ind2="7">
         <marc:subfield code="a">book</marc:subfield>
         <marc:subfield code="2">bibtex</marc:subfield>
      </marc:datafield>
      <marc:datafield tag="260" ind1=" " ind2=" ">
         <marc:subfield code="b">Dover Publications, Inc., New York</marc:subfield>
         <marc:subfield code="c">1964</marc:subfield>
      </marc:datafield>
      
         
      
      <marc:datafield tag="500" ind1=" " ind2=" ">
         <marc:subfield code="a">{Ninth Dover printing, tenth GPO printing}</marc:subfield>
      </marc:datafield>
      
      <marc:datafield tag="022" ind1=" " ind2=" ">
         <marc:subfield code="a">0486612724</marc:subfield>
      </marc:datafield>
      <marc:datafield tag="856" ind1=" " ind2=" ">
         <marc:subfield code="u">http://www.math.sfu.ca/ cbm/aands/</marc:subfield>
      </marc:datafield>
   </marc:record>