
   <marc:record>
      <marc:leader>     nam  22     uu 4500</marc:leader>
      <marc:controlfield tag="008">      |           ||||||||||||||||||||||</marc:controlfield>
      <marc:datafield tag="245" ind1="1" ind2="0">
         <marc:subfield code="a">Restricted diffusion of macromolecules through agar-gel membranes</marc:subfield>
      </marc:datafield>
      <marc:datafield tag="700" ind1="1" ind2=" ">
         <marc:subfield code="a">G. K. Ackers</marc:subfield>
         <marc:subfield code="e">author</marc:subfield>
      </marc:datafield>
      <marc:datafield tag="700" ind1="1" ind2=" ">
         <marc:subfield code="a">R. L. Steere</marc:subfield>
         <marc:subfield code="e">author</marc:subfield>
      </marc:datafield>
      
      <marc:datafield tag="655" ind1=" " ind2="7">
         <marc:subfield code="a">journal article</marc:subfield>
      </marc:datafield>
      <marc:datafield tag="655" ind1=" " ind2="7">
         <marc:subfield code="a">article</marc:subfield>
         <marc:subfield code="2">bibtex</marc:subfield>
      </marc:datafield>
      <marc:datafield tag="260" ind1=" " ind2=" "/>
      <marc:datafield tag="520" ind1=" " ind2=" ">
         <marc:subfield code="a">A gel-diffusion technique in which transport occurs across a thin agar membrane has been devised. This technique was used for pore-size calibration of a series of agar gels of various concentrations by measurement of hindrance to diffusion of human hemoglobin and southern bean mosaic virus particles. Pore radii calculated from independent restricted diffusion measurements of these two particle-species by use of a theoretical equation of were in very good agreement, and show that this equation provides a close approximation to the diffusional restriction occurring in these systems. Values of restricted diffusion coefficients in gels of various pore sizes were obtained from restricted diffusion measurements of four other proteins (rabbit [gamma]-globulin, human serum albumin, bovine serum albumin, and pancreatic ribonuclease). When these coefficients were extrapolated to conditions of infinite pore size (zero gel concentration) the values obtained agreed generally with reported values of the free diffusion coefficients for these proteins. Sharp differentiation in diffusional restriction on the basis of particle size and shape was demonstrated.</marc:subfield>
      </marc:datafield>
      <marc:datafield tag="650" ind1="1" ind2=" ">
         <marc:subfield code="a">pore size</marc:subfield>
         <marc:subfield code="x">agarose</marc:subfield>
         <marc:subfield code="x">agar</marc:subfield>
      </marc:datafield>
      <marc:datafield tag="773" ind1="0" ind2=" ">
         <marc:subfield code="q">59:1&lt;137</marc:subfield>
         <marc:subfield code="t">Biochim. Biophys. Acta</marc:subfield>
      </marc:datafield>
      
      <marc:datafield tag="856" ind1=" " ind2=" ">
         <marc:subfield code="u">10.1016/0006-3002(62)90704-7</marc:subfield>
      </marc:datafield>
      <marc:datafield tag="856" ind1=" " ind2=" ">
         <marc:subfield code="u">http://dx.doi.org/10.1016/0006-3002(62)90704-7</marc:subfield>
      </marc:datafield>
   </marc:record>