
   <marc:record>
      <marc:leader>     nam  22     uu 4500</marc:leader>
      <marc:controlfield tag="008">      |           ||||||||||||||||||||||</marc:controlfield>
      <marc:datafield tag="245" ind1="1" ind2="0">
         <marc:subfield code="a">Protein-metal interactions in protein-colloid conjugates probed by surface-enhanced Raman spectroscopy</marc:subfield>
      </marc:datafield>
      <marc:datafield tag="700" ind1="1" ind2=" ">
         <marc:subfield code="a">Angela M. Ahern</marc:subfield>
         <marc:subfield code="e">author</marc:subfield>
      </marc:datafield>
      <marc:datafield tag="700" ind1="1" ind2=" ">
         <marc:subfield code="a">Robin L. Garrell</marc:subfield>
         <marc:subfield code="e">author</marc:subfield>
      </marc:datafield>
      
      <marc:datafield tag="655" ind1=" " ind2="7">
         <marc:subfield code="a">journal article</marc:subfield>
      </marc:datafield>
      <marc:datafield tag="655" ind1=" " ind2="7">
         <marc:subfield code="a">article</marc:subfield>
         <marc:subfield code="2">bibtex</marc:subfield>
      </marc:datafield>
      <marc:datafield tag="260" ind1=" " ind2=" "/>
      <marc:datafield tag="520" ind1=" " ind2=" ">
         <marc:subfield code="a">Surface-enhanced Raman (SER) spectroscopy has been used to assess protein-metal interactions in colloidal immunoprobes. The absence of a detectable signal from conjugates of colloidal gold with antirabbit IgG, albumin-biotin, or protein A suggests that the proteins are not chemisorbed on the metal particles. Similarly, albumin, albumin-biotin, and protein A are not covalently bound to colloidal silver, but rather adsorb on silver initially with the protein hydration shell intact. Over a period of days, new SER bands appear in the albumin spectrum that are attributed to vibrations of aromatic amino acids. This implies that conformational changes are occurring in the protein near the interface. The time scale for these changes is consistent with what has been observed by circular dichroism and UV-visible spectroscopy. The effect of avidin on the binding of biotin to colloidal metal probes has also been characterized. The SERS results indicate that biotin binds to a cleft or pocketlike structure in avidin, restricting biotin-surface interactions. This study demonstrates the utility of SER spectroscopy for characterizing protein-metal interactions and the availability of adsorbed biomolecules for complexation.</marc:subfield>
      </marc:datafield>
      <marc:datafield tag="773" ind1="0" ind2=" ">
         <marc:subfield code="q">7:2&lt;254</marc:subfield>
         <marc:subfield code="t">Langmuir</marc:subfield>
      </marc:datafield>
      
   </marc:record>