
   <marc:record>
      <marc:leader>     nam  22     uu 4500</marc:leader>
      <marc:controlfield tag="008">      |           ||||||||||||||||||||||</marc:controlfield>
      <marc:datafield tag="245" ind1="1" ind2="0">
         <marc:subfield code="a">Size fractionation of metal nanoparticles by membrane filtration</marc:subfield>
      </marc:datafield>
      <marc:datafield tag="700" ind1="1" ind2=" ">
         <marc:subfield code="a">A. Akthakul</marc:subfield>
         <marc:subfield code="e">author</marc:subfield>
      </marc:datafield>
      <marc:datafield tag="700" ind1="1" ind2=" ">
         <marc:subfield code="a">A. I. Hochbaum</marc:subfield>
         <marc:subfield code="e">author</marc:subfield>
      </marc:datafield>
      <marc:datafield tag="700" ind1="1" ind2=" ">
         <marc:subfield code="a">F. Stellacci</marc:subfield>
         <marc:subfield code="e">author</marc:subfield>
      </marc:datafield>
      <marc:datafield tag="700" ind1="1" ind2=" ">
         <marc:subfield code="a">A. M. Mayes</marc:subfield>
         <marc:subfield code="e">author</marc:subfield>
      </marc:datafield>
      
      <marc:datafield tag="655" ind1=" " ind2="7">
         <marc:subfield code="a">journal article</marc:subfield>
      </marc:datafield>
      <marc:datafield tag="655" ind1=" " ind2="7">
         <marc:subfield code="a">article</marc:subfield>
         <marc:subfield code="2">bibtex</marc:subfield>
      </marc:datafield>
      <marc:datafield tag="260" ind1=" " ind2=" "/>
      <marc:datafield tag="520" ind1=" " ind2=" ">
         <marc:subfield code="a">A novel thin film composite nanofiltration (NF) membrane is fabricated by coating a conventional ultrafiltration membrane with a self-assembling amphiphilic graft copolymer. The NF membranes are used in the fractionation of gold nanciparticles to achieve a well-defined particle cutoff diameter and reduced size dispersity (see Figure).</marc:subfield>
      </marc:datafield>
      <marc:datafield tag="650" ind1="1" ind2=" ">
         <marc:subfield code="a">Membranes</marc:subfield>
         <marc:subfield code="x">Nanoparticles</marc:subfield>
         <marc:subfield code="x">metal</marc:subfield>
         <marc:subfield code="x">Self-assembly</marc:subfield>
         <marc:subfield code="x">quantum dots</marc:subfield>
         <marc:subfield code="x">semiconductor clusters</marc:subfield>
         <marc:subfield code="x">liquid-chromatography</marc:subfield>
         <marc:subfield code="x">gold nanoparticles</marc:subfield>
         <marc:subfield code="x">polymer membranes</marc:subfield>
         <marc:subfield code="x">nanocrystals</marc:subfield>
         <marc:subfield code="x">molecules</marc:subfield>
         <marc:subfield code="x">nanoclusters</marc:subfield>
         <marc:subfield code="x">mixture</marc:subfield>
         <marc:subfield code="x">brush</marc:subfield>
      </marc:datafield>
      <marc:datafield tag="773" ind1="0" ind2=" ">
         <marc:subfield code="q">17:5&lt;532</marc:subfield>
         <marc:subfield code="t">Adv. Mater.</marc:subfield>
      </marc:datafield>
      
      <marc:datafield tag="856" ind1=" " ind2=" ">
         <marc:subfield code="u">10.1002/adma.200400636</marc:subfield>
      </marc:datafield>
      <marc:datafield tag="856" ind1=" " ind2=" ">
         <marc:subfield code="u">http://dx.doi.org/10.1002/adma.200400636</marc:subfield>
      </marc:datafield>
   </marc:record>