
   <marc:record>
      <marc:leader>     nam  22     uu 4500</marc:leader>
      <marc:controlfield tag="008">      |           ||||||||||||||||||||||</marc:controlfield>
      <marc:datafield tag="245" ind1="1" ind2="0">
         <marc:subfield code="a">Role of nanoparticle surface charge in surface-enhanced Raman scattering</marc:subfield>
      </marc:datafield>
      <marc:datafield tag="700" ind1="1" ind2=" ">
         <marc:subfield code="a">R. A. Alvarez-Puebla</marc:subfield>
         <marc:subfield code="e">author</marc:subfield>
      </marc:datafield>
      <marc:datafield tag="700" ind1="1" ind2=" ">
         <marc:subfield code="a">E. Arceo</marc:subfield>
         <marc:subfield code="e">author</marc:subfield>
      </marc:datafield>
      <marc:datafield tag="700" ind1="1" ind2=" ">
         <marc:subfield code="a">P. J. G. Goulet</marc:subfield>
         <marc:subfield code="e">author</marc:subfield>
      </marc:datafield>
      <marc:datafield tag="700" ind1="1" ind2=" ">
         <marc:subfield code="a">J. J. Garrido</marc:subfield>
         <marc:subfield code="e">author</marc:subfield>
      </marc:datafield>
      <marc:datafield tag="700" ind1="1" ind2=" ">
         <marc:subfield code="a">R. F. Aroca</marc:subfield>
         <marc:subfield code="e">author</marc:subfield>
      </marc:datafield>
      
      <marc:datafield tag="655" ind1=" " ind2="7">
         <marc:subfield code="a">journal article</marc:subfield>
      </marc:datafield>
      <marc:datafield tag="655" ind1=" " ind2="7">
         <marc:subfield code="a">article</marc:subfield>
         <marc:subfield code="2">bibtex</marc:subfield>
      </marc:datafield>
      <marc:datafield tag="260" ind1=" " ind2=" "/>
      <marc:datafield tag="520" ind1=" " ind2=" ">
         <marc:subfield code="a">In this work, the role of nanoparticle surface charge in surface-enhanced Raman scattering (SERS) is examined for the common case of measurements made in colloidal solutions of Ag and Au. Average SERS intensities obtained for several analytes (salicylic acid, pyridine, and 2-naphthalenethiol) on Ag and An colloids are correlated with the pH and zeta potential (xi) values of the nanoparticle solutions from which they were recorded. The consequence of the electrostatic interaction between the analyte and the metallic nanoparticle is stressed. The xi potentials of three commonly used colloidal solutions are reported as a function of pH, and a discussion is given on how these influence SERS intensity. Also examined is the importance of nanoparticle aggregation (and colloidal solution collapse) in determining SERS intensities, and how this varies with the pH of the solution. The results show that SERS enhancement is highest at xi potential values where the colloidal nanoparticle solutions are most stable and where the electrostatic repulsion between the particles and the analyte molecules is minimized. These results suggest some important criteria for consideration in all SERS measurements and also provide important insights into the problem of predicting SERS activities for different molecular systems.</marc:subfield>
      </marc:datafield>
      <marc:datafield tag="650" ind1="1" ind2=" ">
         <marc:subfield code="a">ultrasensitive chemical-analysis</marc:subfield>
         <marc:subfield code="x">gold sols</marc:subfield>
         <marc:subfield code="x">silver</marc:subfield>
         <marc:subfield code="x">sers</marc:subfield>
         <marc:subfield code="x">spectra</marc:subfield>
         <marc:subfield code="x">adsorption</marc:subfield>
         <marc:subfield code="x">salicylate</marc:subfield>
         <marc:subfield code="x">molecules</marc:subfield>
         <marc:subfield code="x">colloids</marc:subfield>
         <marc:subfield code="x">acids</marc:subfield>
      </marc:datafield>
      <marc:datafield tag="773" ind1="0" ind2=" ">
         <marc:subfield code="q">109:9&lt;3787</marc:subfield>
         <marc:subfield code="t">J. Phys. Chem. B</marc:subfield>
      </marc:datafield>
      
      <marc:datafield tag="856" ind1=" " ind2=" ">
         <marc:subfield code="u">10.1021/jp045015o</marc:subfield>
      </marc:datafield>
      <marc:datafield tag="856" ind1=" " ind2=" ">
         <marc:subfield code="u">http://dx.doi.org/10.1021/jp045015o</marc:subfield>
      </marc:datafield>
   </marc:record>