
   <marc:record>
      <marc:leader>     nam  22     uu 4500</marc:leader>
      <marc:controlfield tag="008">      |           ||||||||||||||||||||||</marc:controlfield>
      <marc:datafield tag="245" ind1="1" ind2="0">
         <marc:subfield code="a">Radiative and nonradiative decay rates of a molecule close to a metal particle of complex shape</marc:subfield>
      </marc:datafield>
      <marc:datafield tag="700" ind1="1" ind2=" ">
         <marc:subfield code="a">Oliviero Andreussi</marc:subfield>
         <marc:subfield code="e">author</marc:subfield>
      </marc:datafield>
      <marc:datafield tag="700" ind1="1" ind2=" ">
         <marc:subfield code="a">Stefano Corni</marc:subfield>
         <marc:subfield code="e">author</marc:subfield>
      </marc:datafield>
      <marc:datafield tag="700" ind1="1" ind2=" ">
         <marc:subfield code="a">Benedetta Mennucci</marc:subfield>
         <marc:subfield code="e">author</marc:subfield>
      </marc:datafield>
      <marc:datafield tag="700" ind1="1" ind2=" ">
         <marc:subfield code="a">Jacopo Tomasi</marc:subfield>
         <marc:subfield code="e">author</marc:subfield>
      </marc:datafield>
      
      <marc:datafield tag="655" ind1=" " ind2="7">
         <marc:subfield code="a">journal article</marc:subfield>
      </marc:datafield>
      <marc:datafield tag="655" ind1=" " ind2="7">
         <marc:subfield code="a">article</marc:subfield>
         <marc:subfield code="2">bibtex</marc:subfield>
      </marc:datafield>
      <marc:datafield tag="260" ind1=" " ind2=" "/>
      <marc:datafield tag="520" ind1=" " ind2=" ">
         <marc:subfield code="a">We present a model to evaluate the radiative and nonradiative lifetimes of electronic excited states of a molecule close to a metal particle of complex shape and, possibly, in the presence of a solvent. The molecule is treated quantum mechanically at Hartree?Fock (HF) or density-functional theory (DFT) level. The metal/solvent is considered as a continuous body, characterized by its frequency dependent local dielectric constant. For simple metal shapes (planar infinite surface and spherical particle) a version of the polarizable continuum model based on the integral equation formalism has been used, while an alternative methodology has been implemented to treat metal particles of arbitrary shape. In both cases, equations have been numerically solved using a boundary element method. Excitation energies and nonradiative decay rates due to the energy transfer from the molecule to the metal are evaluated exploiting the linear response theory (TDHF or TDDFT where TD?time dependent). The radiative decay rate of the whole system (molecule+metal/solvent) is calculated, still using a continuum model, in terms of the response of the surrounding to the molecular transition. The model presented has been applied to the study of the radiative and nonradiative lifetimes of a lissamine molecule in solution (water) and close to gold spherical nanoparticles of different radius. In addition, the influence of the metal shape has been analyzed by performing calculations on a system composed by a coumarin-type molecule close to silver aggregates of complex shape.</marc:subfield>
      </marc:datafield>
      <marc:datafield tag="650" ind1="1" ind2=" ">
         <marc:subfield code="a">nonradiative transitions</marc:subfield>
         <marc:subfield code="x">radiative lifetimes</marc:subfield>
         <marc:subfield code="x">excited states</marc:subfield>
         <marc:subfield code="x">solvent effects</marc:subfield>
         <marc:subfield code="x">quantum theory</marc:subfield>
         <marc:subfield code="x">HF calculations</marc:subfield>
         <marc:subfield code="x">density functional theory</marc:subfield>
         <marc:subfield code="x">continuum mechanics</marc:subfield>
         <marc:subfield code="x">integral equations</marc:subfield>
         <marc:subfield code="x">shapes (structures)</marc:subfield>
         <marc:subfield code="x">boundary-elements methods</marc:subfield>
         <marc:subfield code="x">gold</marc:subfield>
         <marc:subfield code="x">nanoparticles</marc:subfield>
      </marc:datafield>
      <marc:datafield tag="773" ind1="0" ind2=" ">
         <marc:subfield code="q">121:20&lt;10190</marc:subfield>
         <marc:subfield code="t">J. Chem. Phys.</marc:subfield>
      </marc:datafield>
      
      <marc:datafield tag="856" ind1=" " ind2=" ">
         <marc:subfield code="u">10.1063/1.1806819</marc:subfield>
      </marc:datafield>
      <marc:datafield tag="856" ind1=" " ind2=" ">
         <marc:subfield code="u">http://dx.doi.org/10.1063/1.1806819</marc:subfield>
      </marc:datafield>
   </marc:record>