
   <marc:record>
      <marc:leader>     nam  22     uu 4500</marc:leader>
      <marc:controlfield tag="008">      |           ||||||||||||||||||||||</marc:controlfield>
      <marc:datafield tag="245" ind1="1" ind2="0">
         <marc:subfield code="a">A General Non-Local Theory for the Electromagnetic Response of a Small Metal Particle</marc:subfield>
      </marc:datafield>
      <marc:datafield tag="700" ind1="1" ind2=" ">
         <marc:subfield code="a">P. Apell</marc:subfield>
         <marc:subfield code="e">author</marc:subfield>
      </marc:datafield>
      <marc:datafield tag="700" ind1="1" ind2=" ">
         <marc:subfield code="a">{\AA}. Ljungbert</marc:subfield>
         <marc:subfield code="e">author</marc:subfield>
      </marc:datafield>
      
      <marc:datafield tag="655" ind1=" " ind2="7">
         <marc:subfield code="a">journal article</marc:subfield>
      </marc:datafield>
      <marc:datafield tag="655" ind1=" " ind2="7">
         <marc:subfield code="a">article</marc:subfield>
         <marc:subfield code="2">bibtex</marc:subfield>
      </marc:datafield>
      <marc:datafield tag="260" ind1=" " ind2=" "/>
      <marc:datafield tag="520" ind1=" " ind2=" ">
         <marc:subfield code="a">We derive, in the quasistatic limit, general formulas for the electromagnetic response of a small metal sphere. The jellium model is assumed but we show how corrections, to the classical situation due to tue non-local response with a smoothly varying surface profile can be included in a simple manner. These corrections enter as two lengths, which are measures of the non-locality range. As an example we study the interaction between a dipole and the metal sphere, in the context of image field enhancement and damping because of electron -hole pair excitations in the particle.</marc:subfield>
      </marc:datafield>
      <marc:datafield tag="773" ind1="0" ind2=" ">
         <marc:subfield code="q">26:2&lt;113</marc:subfield>
         <marc:subfield code="t">Physica Scripta</marc:subfield>
      </marc:datafield>
      
   </marc:record>