
   <marc:record>
      <marc:leader>     nam  22     uu 4500</marc:leader>
      <marc:controlfield tag="008">      |           ||||||||||||||||||||||</marc:controlfield>
      <marc:datafield tag="245" ind1="1" ind2="0">
         <marc:subfield code="a">Non-Local Optical Effects at Metal Surfaces</marc:subfield>
      </marc:datafield>
      <marc:datafield tag="700" ind1="1" ind2=" ">
         <marc:subfield code="a">P. Apell</marc:subfield>
         <marc:subfield code="e">author</marc:subfield>
      </marc:datafield>
      <marc:datafield tag="700" ind1="1" ind2=" ">
         <marc:subfield code="a">{\AA}. Ljungbert</marc:subfield>
         <marc:subfield code="e">author</marc:subfield>
      </marc:datafield>
      <marc:datafield tag="700" ind1="1" ind2=" ">
         <marc:subfield code="a">S. Lundqvist</marc:subfield>
         <marc:subfield code="e">author</marc:subfield>
      </marc:datafield>
      
      <marc:datafield tag="655" ind1=" " ind2="7">
         <marc:subfield code="a">journal article</marc:subfield>
      </marc:datafield>
      <marc:datafield tag="655" ind1=" " ind2="7">
         <marc:subfield code="a">article</marc:subfield>
         <marc:subfield code="2">bibtex</marc:subfield>
      </marc:datafield>
      <marc:datafield tag="260" ind1=" " ind2=" "/>
      <marc:datafield tag="520" ind1=" " ind2=" ">
         <marc:subfield code="a">The non-local response of an irradiated metal surface is discussed in terms of the induced density in response to an external field. The field and the induced charge near the surface can be determined by solving Maxwell's equations in the surface region and match the solution to the incoming and reflected wave in vacuum and to the asymptotic solution in the bulk of the solid. For incoming fields of wave lengths long in comparison with the extension of the surface region a key quantity is the center of gravity of the screening charge. This complex function of the frequency is important for a number of properties such as the reflectivity, the surface plasmon dispersion, image fields, van der Waals interactions between a molecule and a metal surface, etc. Considerations similar to the ones for a planar surface are also applied to the surface properties of a small metallic sphere.</marc:subfield>
      </marc:datafield>
      <marc:datafield tag="773" ind1="0" ind2=" ">
         <marc:subfield code="q">30:5&lt;367</marc:subfield>
         <marc:subfield code="t">Physica Scripta</marc:subfield>
      </marc:datafield>
      
   </marc:record>