
   <marc:record>
      <marc:leader>     nam  22     uu 4500</marc:leader>
      <marc:controlfield tag="008">      |           ||||||||||||||||||||||</marc:controlfield>
      <marc:datafield tag="245" ind1="1" ind2="0">
         <marc:subfield code="a">Small Metal Particles - Nonlocal Optical-Properties And Quantum-Size Effects</marc:subfield>
      </marc:datafield>
      <marc:datafield tag="700" ind1="1" ind2=" ">
         <marc:subfield code="a">S. P. Apell</marc:subfield>
         <marc:subfield code="e">author</marc:subfield>
      </marc:datafield>
      <marc:datafield tag="700" ind1="1" ind2=" ">
         <marc:subfield code="a">J. Giraldo</marc:subfield>
         <marc:subfield code="e">author</marc:subfield>
      </marc:datafield>
      <marc:datafield tag="700" ind1="1" ind2=" ">
         <marc:subfield code="a">S. Lundqvist</marc:subfield>
         <marc:subfield code="e">author</marc:subfield>
      </marc:datafield>
      
      <marc:datafield tag="655" ind1=" " ind2="7">
         <marc:subfield code="a">journal article</marc:subfield>
      </marc:datafield>
      <marc:datafield tag="655" ind1=" " ind2="7">
         <marc:subfield code="a">article</marc:subfield>
         <marc:subfield code="2">bibtex</marc:subfield>
      </marc:datafield>
      <marc:datafield tag="260" ind1=" " ind2=" "/>
      <marc:datafield tag="520" ind1=" " ind2=" ">
         <marc:subfield code="a">In this work we survey some recent results concerning non-local otical effects and particle-size dependence for the optical properties of individual metallic particles. {W}e start by giving a historical overview and a conceptual discussion on the subject of small particles, underlining their potential applications. {S}implified optical response functions for a metallic sphere are introduced and duly illustrated to bring out the physical content. {P}articular emphasis is given to optical absorption, resonance effects and far-infrared properties exhibited by simple and noble metal particles having less than 100 {\AA} radii. {A} comparison between the traditional ({M}ie) approach and the proposed non-local scheme is made and it leads to an increased understanding of the various mechanisms a small particle exhibits when screening an external electromagnetic field.</marc:subfield>
      </marc:datafield>
      <marc:datafield tag="650" ind1="1" ind2=" ">
         <marc:subfield code="a">far-infrared absorption</marc:subfield>
         <marc:subfield code="x">jellium-background model</marc:subfield>
         <marc:subfield code="x">ultrafine al particles</marc:subfield>
         <marc:subfield code="x">small silver particles</marc:subfield>
         <marc:subfield code="x">surface-plasmons</marc:subfield>
         <marc:subfield code="x">electronic polarizability</marc:subfield>
         <marc:subfield code="x">vanderwaals interaction</marc:subfield>
         <marc:subfield code="x">resonance-absorption</marc:subfield>
         <marc:subfield code="x">small spheres</marc:subfield>
         <marc:subfield code="x">red-shift</marc:subfield>
         <marc:subfield code="x">particles</marc:subfield>
         <marc:subfield code="x">size</marc:subfield>
         <marc:subfield code="x">surface</marc:subfield>
         <marc:subfield code="x">nonlocal</marc:subfield>
         <marc:subfield code="x">far-infrared</marc:subfield>
         <marc:subfield code="x">resonances</marc:subfield>
      </marc:datafield>
      <marc:datafield tag="773" ind1="0" ind2=" ">
         <marc:subfield code="q">24-26:2&lt;577</marc:subfield>
         <marc:subfield code="t">Phase Transitions</marc:subfield>
      </marc:datafield>
      
   </marc:record>