
   <marc:record>
      <marc:leader>     nam  22     uu 4500</marc:leader>
      <marc:controlfield tag="008">      |           ||||||||||||||||||||||</marc:controlfield>
      <marc:datafield tag="245" ind1="1" ind2="0">
         <marc:subfield code="a">Controlled and Reversible Aggregation of Biotinylated Gold Nanoparticles with Streptavidin</marc:subfield>
      </marc:datafield>
      <marc:datafield tag="700" ind1="1" ind2=" ">
         <marc:subfield code="a">Kadir Aslan</marc:subfield>
         <marc:subfield code="e">author</marc:subfield>
      </marc:datafield>
      <marc:datafield tag="700" ind1="1" ind2=" ">
         <marc:subfield code="a">Claudia C. Luhrs</marc:subfield>
         <marc:subfield code="e">author</marc:subfield>
      </marc:datafield>
      <marc:datafield tag="700" ind1="1" ind2=" ">
         <marc:subfield code="a">Víctor H. Pérez-Luna</marc:subfield>
         <marc:subfield code="e">author</marc:subfield>
      </marc:datafield>
      
      <marc:datafield tag="655" ind1=" " ind2="7">
         <marc:subfield code="a">journal article</marc:subfield>
      </marc:datafield>
      <marc:datafield tag="655" ind1=" " ind2="7">
         <marc:subfield code="a">article</marc:subfield>
         <marc:subfield code="2">bibtex</marc:subfield>
      </marc:datafield>
      <marc:datafield tag="260" ind1=" " ind2=" "/>
      <marc:datafield tag="520" ind1=" " ind2=" ">
         <marc:subfield code="a">Biotinylated gold nanoparticles were prepared by using a two-step surface modification procedure. First, a carboxyl-terminated alkanethiol was chemisorbed onto the surface of gold nanoparticles in the presence of a stabilizing agent. Subsequently, the carboxyl groups were reacted with (+)-biotinyl-3,6,9,-trioxaundecanediamine and 2-(2-aminoethoxy)ethanol. This procedure resulted in stable, ligand-modified gold nanoparticles. Upon interaction with streptavidin, the biotinylated gold nanoparticles aggregated by means of specific biomolecular recognition. Their aggregation was studied by optical absorption spectroscopy. Controlled aggregation of biotinylated gold nanoparticles resulted in a shift in the surface plasmon resonance peak and broadening of the absorption spectrum of the nanoparticles. The spectral changes were used to assess the extent of aggregation. Aggregation was found to be dependent on the concentrations of streptavidin, biotinylated gold nanoparticles, and the surface mole fraction of biotin groups on the nanoparticles. Maximum aggregation was observed when 24 nM streptavidin and 0.80 nM biotinylated gold nanoparticles were used. Reversal of nanoparticle aggregation was accomplished by the addition of soluble biotin to the streptavidin-nanoparticle aggregates. Kinetic analysis of the absorbance data showed that streptavidin-induced aggregation of biotinylated gold nanoparticles could be interpreted in terms of a Reaction-Limited Colloidal Aggregation (RLCA) model. This indicates that optical absorption spectroscopy can provide a quantitative measurement of the aggregation process.</marc:subfield>
      </marc:datafield>
      <marc:datafield tag="650" ind1="1" ind2=" ">
         <marc:subfield code="a">random sequential adsorption</marc:subfield>
         <marc:subfield code="x">optical-absorption</marc:subfield>
         <marc:subfield code="x">colloidal gold</marc:subfield>
         <marc:subfield code="x">colorimetric detection</marc:subfield>
         <marc:subfield code="x">metal particles</marc:subfield>
         <marc:subfield code="x">surfaces</marc:subfield>
         <marc:subfield code="x">polynucleotides</marc:subfield>
         <marc:subfield code="x">alkanethiols</marc:subfield>
         <marc:subfield code="x">spectroscopy</marc:subfield>
         <marc:subfield code="x">nanocrystals</marc:subfield>
      </marc:datafield>
      <marc:datafield tag="773" ind1="0" ind2=" ">
         <marc:subfield code="q">108:40&lt;15631</marc:subfield>
         <marc:subfield code="t">J. Phys. Chem. B</marc:subfield>
      </marc:datafield>
      
      <marc:datafield tag="856" ind1=" " ind2=" ">
         <marc:subfield code="u">10.1021/jp036089n</marc:subfield>
      </marc:datafield>
      <marc:datafield tag="856" ind1=" " ind2=" ">
         <marc:subfield code="u">http://dx.doi.org/10.1021/jp036089n</marc:subfield>
      </marc:datafield>
   </marc:record>