
   <marc:record>
      <marc:leader>     nam  22     uu 4500</marc:leader>
      <marc:controlfield tag="008">      |           ||||||||||||||||||||||</marc:controlfield>
      <marc:datafield tag="245" ind1="1" ind2="0">
         <marc:subfield code="a">Quenched Emission of Fluorescence by Ligand Functionalized Gold Nanoparticles</marc:subfield>
      </marc:datafield>
      <marc:datafield tag="700" ind1="1" ind2=" ">
         <marc:subfield code="a">Kadir Aslan</marc:subfield>
         <marc:subfield code="e">author</marc:subfield>
      </marc:datafield>
      <marc:datafield tag="700" ind1="1" ind2=" ">
         <marc:subfield code="a">Víctor H. Pérez-Luna</marc:subfield>
         <marc:subfield code="e">author</marc:subfield>
      </marc:datafield>
      
      <marc:datafield tag="655" ind1=" " ind2="7">
         <marc:subfield code="a">journal article</marc:subfield>
      </marc:datafield>
      <marc:datafield tag="655" ind1=" " ind2="7">
         <marc:subfield code="a">article</marc:subfield>
         <marc:subfield code="2">bibtex</marc:subfield>
      </marc:datafield>
      <marc:datafield tag="260" ind1=" " ind2=" "/>
      <marc:datafield tag="520" ind1=" " ind2=" ">
         <marc:subfield code="a">A fluorescence-based detection scheme that uses ligand functionalized gold nanoparticles is proposed. The transduction scheme is based on the strong quenching of the fluorescence emission exerted by metallic surfaces on fluorophores positioned in their immediate vicinity (&lt;5 nm). Binding of fluorophore-labeled anti-biotin to biotinylated gold nanoparticles resulted in decreasedfluorescence emission intensity. Subsequent competitive dissociation of labeled anti-biotin with D-biotin resulted in increased fluorescence emission intensity. These interactions occurred by means of specific molecular recognition because when the binding sites of anti-biotin were saturated with D-biotin prior to interaction with the gold nanoparticles; changes in the fluorescence emission intensity were not observed.</marc:subfield>
      </marc:datafield>
      <marc:datafield tag="650" ind1="1" ind2=" ">
         <marc:subfield code="a">Gold nanoparticles</marc:subfield>
         <marc:subfield code="x">self-assembled monolayers</marc:subfield>
         <marc:subfield code="x">surface modification</marc:subfield>
         <marc:subfield code="x">fluorescence</marc:subfield>
         <marc:subfield code="x">energy transfer</marc:subfield>
      </marc:datafield>
      <marc:datafield tag="773" ind1="0" ind2=" ">
         <marc:subfield code="q">14:4&lt;401</marc:subfield>
         <marc:subfield code="t">Journal of Fluorescence</marc:subfield>
      </marc:datafield>
      
      <marc:datafield tag="856" ind1=" " ind2=" ">
         <marc:subfield code="u">10.1023/B:JOFL.0000031821.74706.ea</marc:subfield>
      </marc:datafield>
      <marc:datafield tag="856" ind1=" " ind2=" ">
         <marc:subfield code="u">http://dx.doi.org/10.1023/B:JOFL.0000031821.74706.ea</marc:subfield>
      </marc:datafield>
   </marc:record>