
   <marc:record>
      <marc:leader>     nam  22     uu 4500</marc:leader>
      <marc:controlfield tag="008">      |           ||||||||||||||||||||||</marc:controlfield>
      <marc:datafield tag="245" ind1="1" ind2="0">
         <marc:subfield code="a">Photoinduced electron transfer between chlorophyll a and gold nanoparticles</marc:subfield>
      </marc:datafield>
      <marc:datafield tag="700" ind1="1" ind2=" ">
         <marc:subfield code="a">Saïd Barazzouk</marc:subfield>
         <marc:subfield code="e">author</marc:subfield>
      </marc:datafield>
      <marc:datafield tag="700" ind1="1" ind2=" ">
         <marc:subfield code="a">Prashant V. Kamat</marc:subfield>
         <marc:subfield code="e">author</marc:subfield>
      </marc:datafield>
      <marc:datafield tag="700" ind1="1" ind2=" ">
         <marc:subfield code="a">Surat Hotchandani</marc:subfield>
         <marc:subfield code="e">author</marc:subfield>
      </marc:datafield>
      
      <marc:datafield tag="655" ind1=" " ind2="7">
         <marc:subfield code="a">journal article</marc:subfield>
      </marc:datafield>
      <marc:datafield tag="655" ind1=" " ind2="7">
         <marc:subfield code="a">article</marc:subfield>
         <marc:subfield code="2">bibtex</marc:subfield>
      </marc:datafield>
      <marc:datafield tag="260" ind1=" " ind2=" "/>
      <marc:datafield tag="520" ind1=" " ind2=" ">
         <marc:subfield code="a">Excited-state interactions between chlorophyll a (Chla) and gold nanoparticles have been studied. The emission intensity of Chla is quenched by gold nanoparticles. The dominant process for this quenching has been attributed to the process of photoinduced electron transfer from excited Chla to gold nanoparticles, although because of a small overlap between fluorescence of Chla and absorption of gold nanoparticles, the energy-transfer process cannot be ruled out. Photoinduced electron-transfer mechanism is supported by the electrochemical modulation of fluorescence of Chla. In absence of an applied bias, Chla cast on gold film, as a result of electron transfer, exhibits a very weak fluorescence. However, upon negatively charging the gold nanocore by external bias, an increase in fluorescence intensity is observed. The negatively charged gold nanoparticles create a barrier and suppress the electron-transfer process from excited Chla to gold nanoparticles, resulting in an increase in radiative process. Nanosecond laser flash experiments of Chla in the presence of gold nanoparticles and fullerene (C-60) have demonstrated that Au nanoparticles, besides accepting electrons, can also mediate or shuttle electrons to another acceptor. Taking advantage of these properties of gold nanoparticles, a photoelectrochemical cell based on Chla and gold nanoparticles is constructed. A superior performance of this cell compared to that without the gold film is due to the beneficial role of gold nanoparticles in accepting and shuttling the photogenerated electrons in Chla to the collecting electrode, leading to an enhancement in charge separation efficiency.</marc:subfield>
      </marc:datafield>
      <marc:datafield tag="650" ind1="1" ind2=" ">
         <marc:subfield code="a">fermi-level equilibration</marc:subfield>
         <marc:subfield code="x">lipid bilayer vesicles</marc:subfield>
         <marc:subfield code="x">triplet-state</marc:subfield>
         <marc:subfield code="x">excited-states</marc:subfield>
         <marc:subfield code="x">model systems</marc:subfield>
         <marc:subfield code="x">visible absorption</marc:subfield>
         <marc:subfield code="x">flash-photolysis</marc:subfield>
         <marc:subfield code="x">energy-transfer</marc:subfield>
         <marc:subfield code="x">fluorescence-spectra</marc:subfield>
         <marc:subfield code="x">metal nanoparticles</marc:subfield>
      </marc:datafield>
      <marc:datafield tag="773" ind1="0" ind2=" ">
         <marc:subfield code="q">109:2&lt;716</marc:subfield>
         <marc:subfield code="t">J. Phys. Chem. B</marc:subfield>
      </marc:datafield>
      
      <marc:datafield tag="856" ind1=" " ind2=" ">
         <marc:subfield code="u">10.1021/jp046474s</marc:subfield>
      </marc:datafield>
      <marc:datafield tag="856" ind1=" " ind2=" ">
         <marc:subfield code="u">http://dx.doi.org/10.1021/jp046474s</marc:subfield>
      </marc:datafield>
   </marc:record>