
   <marc:record>
      <marc:leader>     nam  22     uu 4500</marc:leader>
      <marc:controlfield tag="008">      |           ||||||||||||||||||||||</marc:controlfield>
      <marc:datafield tag="245" ind1="1" ind2="0">
         <marc:subfield code="a">Internal and near-surface electromagnetic fields for a spherical particle irradiated by a focused laser beam</marc:subfield>
      </marc:datafield>
      <marc:datafield tag="700" ind1="1" ind2=" ">
         <marc:subfield code="a">J. P. Barton</marc:subfield>
         <marc:subfield code="e">author</marc:subfield>
      </marc:datafield>
      <marc:datafield tag="700" ind1="1" ind2=" ">
         <marc:subfield code="a">D. R. Alexander</marc:subfield>
         <marc:subfield code="e">author</marc:subfield>
      </marc:datafield>
      <marc:datafield tag="700" ind1="1" ind2=" ">
         <marc:subfield code="a">S. A. Schaub</marc:subfield>
         <marc:subfield code="e">author</marc:subfield>
      </marc:datafield>
      
      <marc:datafield tag="655" ind1=" " ind2="7">
         <marc:subfield code="a">journal article</marc:subfield>
      </marc:datafield>
      <marc:datafield tag="655" ind1=" " ind2="7">
         <marc:subfield code="a">article</marc:subfield>
         <marc:subfield code="2">bibtex</marc:subfield>
      </marc:datafield>
      <marc:datafield tag="260" ind1=" " ind2=" "/>
      <marc:datafield tag="520" ind1=" " ind2=" ">
         <marc:subfield code="a">Theoretical expressions for the internal and external electromagnetic fields for an arbitrary electromagnetic beam incident upon a homogeneous spherical particle are derived, and numerical calculations based upon this theoretical development are presented. In particular, spatial distributions of the internal and near-surface electric field magnitude (source function) for a focused fundamental (TEM00 mode) Gaussian beam of 1.06 µm wavelength and 4 µm beam waist diameter incident upon a 5-µm-diam water droplet in air are presented as a function of the location of the beam focal point relative to the sphere center. The calculations indicate that the internal and near-surface electric field magnitude distribution can be strongly dependent upon relative focal point positioning and may differ significantly from the corresponding electric field magnitude distribution expected from plane-wave irradiation.</marc:subfield>
      </marc:datafield>
      <marc:datafield tag="650" ind1="1" ind2=" ">
         <marc:subfield code="a">laser radiation</marc:subfield>
         <marc:subfield code="x">electric fields</marc:subfield>
         <marc:subfield code="x">particulates</marc:subfield>
         <marc:subfield code="x">spheres</marc:subfield>
         <marc:subfield code="x">electromagnetic fields</marc:subfield>
         <marc:subfield code="x">analytical solution</marc:subfield>
         <marc:subfield code="x">photon collisions</marc:subfield>
      </marc:datafield>
      <marc:datafield tag="773" ind1="0" ind2=" ">
         <marc:subfield code="q">64:4&lt;1632</marc:subfield>
         <marc:subfield code="t">J. Appl. Phys.</marc:subfield>
      </marc:datafield>
      
      <marc:datafield tag="856" ind1=" " ind2=" ">
         <marc:subfield code="u">10.1063/1.341811</marc:subfield>
      </marc:datafield>
      <marc:datafield tag="856" ind1=" " ind2=" ">
         <marc:subfield code="u">http://link.aip.org/link/?JAP/64/1632/1</marc:subfield>
      </marc:datafield>
      <marc:datafield tag="856" ind1=" " ind2=" ">
         <marc:subfield code="u">http://dx.doi.org/10.1063/1.341811</marc:subfield>
      </marc:datafield>
   </marc:record>