
   <marc:record>
      <marc:leader>     nam  22     uu 4500</marc:leader>
      <marc:controlfield tag="008">      |           ||||||||||||||||||||||</marc:controlfield>
      <marc:datafield tag="245" ind1="1" ind2="0">
         <marc:subfield code="a">Tracking the Dynamics of Single Quantum Dots: Beating the Optical Resolution Twice</marc:subfield>
      </marc:datafield>
      <marc:datafield tag="700" ind1="1" ind2=" ">
         <marc:subfield code="a">A. R. Bausch</marc:subfield>
         <marc:subfield code="e">author</marc:subfield>
      </marc:datafield>
      <marc:datafield tag="700" ind1="1" ind2=" ">
         <marc:subfield code="a">D. A. Weitz</marc:subfield>
         <marc:subfield code="e">author</marc:subfield>
      </marc:datafield>
      
      <marc:datafield tag="655" ind1=" " ind2="7">
         <marc:subfield code="a">journal article</marc:subfield>
      </marc:datafield>
      <marc:datafield tag="655" ind1=" " ind2="7">
         <marc:subfield code="a">article</marc:subfield>
         <marc:subfield code="2">bibtex</marc:subfield>
      </marc:datafield>
      <marc:datafield tag="260" ind1=" " ind2=" "/>
      <marc:datafield tag="520" ind1=" " ind2=" ">
         <marc:subfield code="a">Using particle tracking routines the location of single point light sources can be determined with an accuracy of a few nanometers. By using quantum dots (QDs) emitting at different wavelengths, the measurement of the distance between these point light sources, which are closer than the optical resolution of 200 nm, was achieved. The nanocrystals have major advantages over conventional chromophores in higher quantum yield, more photostability, and the possibility of different emission wavelengths by an excitation with a single wavelength. The colocalization of two single QDs at the least distance of 40 nm can be measured with a standard deviation of 5 nm and a time resolution of 117 ms using one excitation wavelength.</marc:subfield>
      </marc:datafield>
      <marc:datafield tag="650" ind1="1" ind2=" ">
         <marc:subfield code="a">dynamic nanocrystals imaging</marc:subfield>
         <marc:subfield code="x">multicolor particle tracking</marc:subfield>
         <marc:subfield code="x">beam splitter</marc:subfield>
         <marc:subfield code="x">flow visualization</marc:subfield>
      </marc:datafield>
      <marc:datafield tag="773" ind1="0" ind2=" ">
         <marc:subfield code="q">4:6&lt;477</marc:subfield>
         <marc:subfield code="t">J. Nanoparticle Res.</marc:subfield>
      </marc:datafield>
      
      <marc:datafield tag="856" ind1=" " ind2=" ">
         <marc:subfield code="u">10.1023/A:1022886503060</marc:subfield>
      </marc:datafield>
      <marc:datafield tag="856" ind1=" " ind2=" ">
         <marc:subfield code="u">http://dx.doi.org/10.1023/A:1022886503060</marc:subfield>
      </marc:datafield>
   </marc:record>