
   <marc:record>
      <marc:leader>     nam  22     uu 4500</marc:leader>
      <marc:controlfield tag="008">      |           ||||||||||||||||||||||</marc:controlfield>
      <marc:datafield tag="245" ind1="1" ind2="0">
         <marc:subfield code="a">An improved method for the single-step purification of streptavidin</marc:subfield>
      </marc:datafield>
      <marc:datafield tag="700" ind1="1" ind2=" ">
         <marc:subfield code="a">Edward A. Bayer</marc:subfield>
         <marc:subfield code="e">author</marc:subfield>
      </marc:datafield>
      <marc:datafield tag="700" ind1="1" ind2=" ">
         <marc:subfield code="a">Haya Ben-Hur</marc:subfield>
         <marc:subfield code="e">author</marc:subfield>
      </marc:datafield>
      <marc:datafield tag="700" ind1="1" ind2=" ">
         <marc:subfield code="a">Gerry Gitlin</marc:subfield>
         <marc:subfield code="e">author</marc:subfield>
      </marc:datafield>
      <marc:datafield tag="700" ind1="1" ind2=" ">
         <marc:subfield code="a">Meir Wilchek</marc:subfield>
         <marc:subfield code="e">author</marc:subfield>
      </marc:datafield>
      
      <marc:datafield tag="655" ind1=" " ind2="7">
         <marc:subfield code="a">journal article</marc:subfield>
      </marc:datafield>
      <marc:datafield tag="655" ind1=" " ind2="7">
         <marc:subfield code="a">article</marc:subfield>
         <marc:subfield code="2">bibtex</marc:subfield>
      </marc:datafield>
      <marc:datafield tag="260" ind1=" " ind2=" "/>
      <marc:datafield tag="520" ind1=" " ind2=" ">
         <marc:subfield code="a">A new method for the preparation of a more efficient, stable iminobiotin-containing resin for the isolation of streptavidin was developed. CL-Sepharose was activated with p-nitrophenyl chloroformate, and the resultant carbonate derivative was reacted with diaminohexane. Subsequent reaction of the amino-containing resin with iminobiotin-N-hydroxysuccinimide ester (in an organic solvent) yielded the stable affinity resin. The capacity of this resin for either avidin of streptavidin was 12 mg per ml resin, and streptavidin could be purified in one step directly from the culture broth of Streptomyces avidinii. The biotin-binding protein isolated in this manner exhibited a major band at about 75 kDa and a minor band at about 150 kDa. Under denaturing conditions, a spectrum of subunit molecular weights ranging between 15 and 19 kDa was detected, the distributiob of which depended upon the specific preparation.</marc:subfield>
      </marc:datafield>
      <marc:datafield tag="650" ind1="1" ind2=" ">
         <marc:subfield code="a">avidin-biotin technology</marc:subfield>
         <marc:subfield code="x">iminobiotin</marc:subfield>
         <marc:subfield code="x">streptavidin</marc:subfield>
         <marc:subfield code="x">Streptomyces avidinii</marc:subfield>
         <marc:subfield code="x">stable carbamate resins</marc:subfield>
      </marc:datafield>
      <marc:datafield tag="773" ind1="0" ind2=" ">
         <marc:subfield code="q">13:2&lt;103</marc:subfield>
         <marc:subfield code="t">J. Biochem. Biophys. Meth.</marc:subfield>
      </marc:datafield>
      
      <marc:datafield tag="856" ind1=" " ind2=" ">
         <marc:subfield code="u">10.1016/0165-022X(86)90022-9</marc:subfield>
      </marc:datafield>
      <marc:datafield tag="856" ind1=" " ind2=" ">
         <marc:subfield code="u">http://www.sciencedirect.com/science/article/B6T28-47NWBNX-2H/2/92a00173b5a574145a07d175e6b8dbd8</marc:subfield>
      </marc:datafield>
      <marc:datafield tag="856" ind1=" " ind2=" ">
         <marc:subfield code="u">http://dx.doi.org/10.1016/0165-022X(86)90022-9</marc:subfield>
      </marc:datafield>
   </marc:record>