
   <marc:record>
      <marc:leader>     nam  22     uu 4500</marc:leader>
      <marc:controlfield tag="008">      |           ||||||||||||||||||||||</marc:controlfield>
      <marc:datafield tag="245" ind1="1" ind2="0">
         <marc:subfield code="a">Postsecretory modifications of streptavidin.</marc:subfield>
      </marc:datafield>
      <marc:datafield tag="700" ind1="1" ind2=" ">
         <marc:subfield code="a">Edward A. Bayer</marc:subfield>
         <marc:subfield code="e">author</marc:subfield>
      </marc:datafield>
      <marc:datafield tag="700" ind1="1" ind2=" ">
         <marc:subfield code="a">Haya Ben-Hur</marc:subfield>
         <marc:subfield code="e">author</marc:subfield>
      </marc:datafield>
      <marc:datafield tag="700" ind1="1" ind2=" ">
         <marc:subfield code="a">Yaffa Hiller</marc:subfield>
         <marc:subfield code="e">author</marc:subfield>
      </marc:datafield>
      <marc:datafield tag="700" ind1="1" ind2=" ">
         <marc:subfield code="a">Meir Wilchek</marc:subfield>
         <marc:subfield code="e">author</marc:subfield>
      </marc:datafield>
      
      <marc:datafield tag="655" ind1=" " ind2="7">
         <marc:subfield code="a">journal article</marc:subfield>
      </marc:datafield>
      <marc:datafield tag="655" ind1=" " ind2="7">
         <marc:subfield code="a">article</marc:subfield>
         <marc:subfield code="2">bibtex</marc:subfield>
      </marc:datafield>
      <marc:datafield tag="260" ind1=" " ind2=" "/>
      <marc:datafield tag="520" ind1=" " ind2=" ">
         <marc:subfield code="a">Streptavidin, an extracellular biotin-binding protein from Streptomyces avidinii, exhibits a multiplicity in its electrophoretic mobility pattern which depends both upon the conditions for growth of the bacterium and upon the protocol used in the purification of the protein. The observed structural heterogeneity appears to reflect the action of two types of postsecretory molecular events: proteolytic digestion of the intact Mr-18,000 subunit to a minimal molecular size (approx. Mr 14,000), and aggregation of the native tetramer into higher-order oligomeric forms. The extent of subunit degradation and/or tetrameric aggregation affects the capacity of a given streptavidin preparation to interact with biotin-conjugated proteins in different assay systems.</marc:subfield>
      </marc:datafield>
      <marc:datafield tag="773" ind1="0" ind2=" ">
         <marc:subfield code="q">259:2&lt;369</marc:subfield>
         <marc:subfield code="t">Biochem. J.</marc:subfield>
      </marc:datafield>
      
      <marc:datafield tag="856" ind1=" " ind2=" ">
         <marc:subfield code="u">http://www.biochemj.org/bj/259/bj2590369.htm</marc:subfield>
      </marc:datafield>
   </marc:record>