
   <marc:record>
      <marc:leader>     nam  22     uu 4500</marc:leader>
      <marc:controlfield tag="008">      |           ||||||||||||||||||||||</marc:controlfield>
      <marc:datafield tag="245" ind1="1" ind2="0">
         <marc:subfield code="a">Fluorescence Enhancement in Hot Spots of AFM-Designed Gold Nanoparticle Sandwiches</marc:subfield>
      </marc:datafield>
      <marc:datafield tag="700" ind1="1" ind2=" ">
         <marc:subfield code="a">Alpan Bek</marc:subfield>
         <marc:subfield code="e">author</marc:subfield>
         <marc:subfield code="u">Photonics and Optoelectronics Group, Physics Department and CENS, Ludwig-Maximilians-Universität München, Amalienstrasse 54, 80799 Munich, Germany</marc:subfield>
      </marc:datafield>
      <marc:datafield tag="700" ind1="1" ind2=" ">
         <marc:subfield code="a">Reiner Jansen</marc:subfield>
         <marc:subfield code="e">author</marc:subfield>
         <marc:subfield code="u">Photonics and Optoelectronics Group, Physics Department and CENS, Ludwig-Maximilians-Universität München, Amalienstrasse 54, 80799 Munich, Germany</marc:subfield>
      </marc:datafield>
      <marc:datafield tag="700" ind1="1" ind2=" ">
         <marc:subfield code="a">Moritz Ringler</marc:subfield>
         <marc:subfield code="e">author</marc:subfield>
         <marc:subfield code="u">Photonics and Optoelectronics Group, Physics Department and CENS, Ludwig-Maximilians-Universität München, Amalienstrasse 54, 80799 Munich, Germany</marc:subfield>
      </marc:datafield>
      <marc:datafield tag="700" ind1="1" ind2=" ">
         <marc:subfield code="a">Sergiy Mayilo</marc:subfield>
         <marc:subfield code="e">author</marc:subfield>
         <marc:subfield code="u">Photonics and Optoelectronics Group, Physics Department and CENS, Ludwig-Maximilians-Universität München, Amalienstrasse 54, 80799 Munich, Germany</marc:subfield>
      </marc:datafield>
      <marc:datafield tag="700" ind1="1" ind2=" ">
         <marc:subfield code="a">Thomas A. Klar</marc:subfield>
         <marc:subfield code="e">author</marc:subfield>
         <marc:subfield code="u">Photonics and Optoelectronics Group, Physics Department and CENS, Ludwig-Maximilians-Universität München, Amalienstrasse 54, 80799 Munich, Germany</marc:subfield>
      </marc:datafield>
      <marc:datafield tag="700" ind1="1" ind2=" ">
         <marc:subfield code="a">Jochen Feldmann</marc:subfield>
         <marc:subfield code="e">author</marc:subfield>
         <marc:subfield code="u">Photonics and Optoelectronics Group, Physics Department and CENS, Ludwig-Maximilians-Universität München, Amalienstrasse 54, 80799 Munich, Germany</marc:subfield>
      </marc:datafield>
      
      <marc:datafield tag="655" ind1=" " ind2="7">
         <marc:subfield code="a">journal article</marc:subfield>
      </marc:datafield>
      <marc:datafield tag="655" ind1=" " ind2="7">
         <marc:subfield code="a">article</marc:subfield>
         <marc:subfield code="2">bibtex</marc:subfield>
      </marc:datafield>
      <marc:datafield tag="260" ind1=" " ind2=" "/>
      <marc:datafield tag="520" ind1=" " ind2=" ">
         <marc:subfield code="a">We observe an enhancement of fluorescence from a single fluorescent sphere, which is sandwiched between two individual gold nanoparticles, forming a hot spot of strong field enhancement. The fluorescence enhancing hot spot is custom-designed by the deliberate assembly of gold nanoparticles with an atomic force microscope cantilever. The fluorescence intensity is monitored while the separation between the two gold nanoparticles is reduced by gradually pushing the gold nanoparticles closer to the fluorescent sphere. The fluorescence enhancement is maximal when the distance between the two gold nanoparticles is smallest, when the excitation polarization is parallel to the axis of the sandwich, and when the fluorescent sphere is positioned exactly on the axis connecting the two gold nanoparticles.</marc:subfield>
      </marc:datafield>
      <marc:datafield tag="773" ind1="0" ind2=" ">
         <marc:subfield code="q">8:2&lt;485</marc:subfield>
         <marc:subfield code="t">Nano Lett.</marc:subfield>
         <marc:subfield code="x">1530-6984</marc:subfield>
      </marc:datafield>
      
      <marc:datafield tag="856" ind1=" " ind2=" ">
         <marc:subfield code="u">10.1021/nl072602n</marc:subfield>
      </marc:datafield>
      <marc:datafield tag="856" ind1=" " ind2=" ">
         <marc:subfield code="u">http://dx.doi.org/10.1021/nl072602n</marc:subfield>
      </marc:datafield>
   </marc:record>