
   <marc:record>
      <marc:leader>     nam  22     uu 4500</marc:leader>
      <marc:controlfield tag="008">      |           ||||||||||||||||||||||</marc:controlfield>
      <marc:datafield tag="245" ind1="1" ind2="0">
         <marc:subfield code="a">Nanoparticle energy transfer on the cell surface</marc:subfield>
      </marc:datafield>
      <marc:datafield tag="700" ind1="1" ind2=" ">
         <marc:subfield code="a">L. Bene</marc:subfield>
         <marc:subfield code="e">author</marc:subfield>
      </marc:datafield>
      <marc:datafield tag="700" ind1="1" ind2=" ">
         <marc:subfield code="a">G. Szentesi</marc:subfield>
         <marc:subfield code="e">author</marc:subfield>
      </marc:datafield>
      <marc:datafield tag="700" ind1="1" ind2=" ">
         <marc:subfield code="a">L. Matyus</marc:subfield>
         <marc:subfield code="e">author</marc:subfield>
      </marc:datafield>
      <marc:datafield tag="700" ind1="1" ind2=" ">
         <marc:subfield code="a">R. Gaspar</marc:subfield>
         <marc:subfield code="e">author</marc:subfield>
      </marc:datafield>
      <marc:datafield tag="700" ind1="1" ind2=" ">
         <marc:subfield code="a">S. Damjanovich</marc:subfield>
         <marc:subfield code="e">author</marc:subfield>
      </marc:datafield>
      
      <marc:datafield tag="655" ind1=" " ind2="7">
         <marc:subfield code="a">journal article</marc:subfield>
      </marc:datafield>
      <marc:datafield tag="655" ind1=" " ind2="7">
         <marc:subfield code="a">article</marc:subfield>
         <marc:subfield code="2">bibtex</marc:subfield>
      </marc:datafield>
      <marc:datafield tag="260" ind1=" " ind2=" "/>
      <marc:datafield tag="520" ind1=" " ind2=" ">
         <marc:subfield code="a">Membrane topology of receptors plays an important role in shaping transmembrane signalling of cells. Among the methods used for characterizing receptor clusters, fluorescence resonance energy transfer between a donor and acceptor fluorophore plays a unique role based on its capability of detecting molecular level (2-10 nm) proximities of receptors in physiological conditions. Recent development of biotechnology has made possible the usage of colloidal gold particles in a large size range for specific labelling of cells for the purposes of electron microscopy. However, by combining metal and fluorophore labelling or cells, the versatility of metal-fluorophore interactions opens the way for new applications by detecting the presence of the metal particles by the methods of fluorescence spectroscopy. An outstanding feature of the metal nanoparticle-fluorophore interaction is that the metal particle can enhance spontaneous emission of the fluorophore in a distance-dependent fashion, in an interaction range esentially determined by the size of the nanoparticle. In our work enhanced fluorescence of rhodamine and cyanine dyes was observed in the vicinity of immunogold nanoparticles on the surface of JY cells in a flow cytometer. The dyes and the immunogold were targetted to the cell surface receptors MHCI, MHCII, transferrin receptor and CD45 by monoclonal antibodies. The fluorescence enhancement was sensitive to the wavelength of the exciting light, the size and amount of surface bound gold beads, as well as the fluorophore-nanoparticle distance. The intensity of 90&amp;DEG; scattering of the incident light beam was enhanced by the immunogold in a concentration and size-dependent fashion. The 90&amp;DEG; light scattering varied with the wavelength of the incident light in a manner characteristic to gold nanoparticles of the applied sizes. A reduction in photobleaching time constant of the cyanine dye was observed in the vicinity of gold particles in a digital imaging microscope. Modulations of 90&amp;DEG; light scattering intensity and photobleaching time constant indicate the role of the local field in the fluorescence enhancement. A mathematical simulation based on the electrodynamic theory of fluorescence enhancement showed a consistency between the measured enhancement values, the inter-epitope distances and the quantum yields. The feasibility of realizing proximity sensors operating at distance ranges larger than that of the conventional Forster transfer is demonstrated on the surface of living cells. Copyright &amp;COPY; 2004 John Wiley&amp; Sons, Ltd.</marc:subfield>
      </marc:datafield>
      <marc:datafield tag="650" ind1="1" ind2=" ">
         <marc:subfield code="a">mhc class-i</marc:subfield>
         <marc:subfield code="x">hla class-i</marc:subfield>
         <marc:subfield code="x">plasma-membrane</marc:subfield>
         <marc:subfield code="x">lipid rafts</marc:subfield>
         <marc:subfield code="x">photobleaching kinetics</marc:subfield>
         <marc:subfield code="x">electron-microscopy</marc:subfield>
         <marc:subfield code="x">labeled antibodies</marc:subfield>
         <marc:subfield code="x">antigen receptor</marc:subfield>
         <marc:subfield code="x">raman-scattering</marc:subfield>
         <marc:subfield code="x">rough surfaces</marc:subfield>
      </marc:datafield>
      <marc:datafield tag="773" ind1="0" ind2=" ">
         <marc:subfield code="q">18:3&lt;236</marc:subfield>
         <marc:subfield code="t">J. Mol. Recognit.</marc:subfield>
      </marc:datafield>
      
      <marc:datafield tag="856" ind1=" " ind2=" ">
         <marc:subfield code="u">10.1002/jmr.730</marc:subfield>
      </marc:datafield>
      <marc:datafield tag="856" ind1=" " ind2=" ">
         <marc:subfield code="u">http://dx.doi.org/10.1002/jmr.730</marc:subfield>
      </marc:datafield>
   </marc:record>