
   <marc:record>
      <marc:leader>     nam  22     uu 4500</marc:leader>
      <marc:controlfield tag="008">      |           ||||||||||||||||||||||</marc:controlfield>
      <marc:datafield tag="245" ind1="1" ind2="0">
         <marc:subfield code="a">Spectral dependence of single molecule fluorescence enhancement</marc:subfield>
      </marc:datafield>
      <marc:datafield tag="700" ind1="1" ind2=" ">
         <marc:subfield code="a">Palash Bharadwaj</marc:subfield>
         <marc:subfield code="e">author</marc:subfield>
      </marc:datafield>
      <marc:datafield tag="700" ind1="1" ind2=" ">
         <marc:subfield code="a">Lukas Novotny</marc:subfield>
         <marc:subfield code="e">author</marc:subfield>
      </marc:datafield>
      
      <marc:datafield tag="655" ind1=" " ind2="7">
         <marc:subfield code="a">journal article</marc:subfield>
      </marc:datafield>
      <marc:datafield tag="655" ind1=" " ind2="7">
         <marc:subfield code="a">article</marc:subfield>
         <marc:subfield code="2">bibtex</marc:subfield>
      </marc:datafield>
      <marc:datafield tag="260" ind1=" " ind2=" "/>
      <marc:datafield tag="520" ind1=" " ind2=" ">
         <marc:subfield code="a">The fluorescence from a single molecule can be strongly enhanced near a metal nanoparticle acting as an optical antenna. We demonstrate the spectral tunability of this antenna effect and show that maximum enhancement is achieved when the emission frequency is red-shifted from the surface plasmon resonance of the particle. Our experimental results, using individual gold and silver particles excited at different laser-frequencies, are in good agreement with an analytical theory which predicts a different spectral dependence of the radiative and non-radiative decay rates.</marc:subfield>
      </marc:datafield>
      <marc:datafield tag="650" ind1="1" ind2=" ">
         <marc:subfield code="a">Surface plasmons</marc:subfield>
         <marc:subfield code="x">Energy transfer</marc:subfield>
         <marc:subfield code="x">Fluorescence</marc:subfield>
         <marc:subfield code="x">Nanomaterials</marc:subfield>
      </marc:datafield>
      <marc:datafield tag="773" ind1="0" ind2=" ">
         <marc:subfield code="q">15:21&lt;14266</marc:subfield>
         <marc:subfield code="t">Opt. Express</marc:subfield>
      </marc:datafield>
      
      <marc:datafield tag="856" ind1=" " ind2=" ">
         <marc:subfield code="u">http://www.opticsexpress.org/abstract.cfm?URI=oe-15-21-14266</marc:subfield>
      </marc:datafield>
   </marc:record>