
   <marc:record>
      <marc:leader>     nam  22     uu 4500</marc:leader>
      <marc:controlfield tag="008">      |           ||||||||||||||||||||||</marc:controlfield>
      <marc:datafield tag="245" ind1="1" ind2="0">
         <marc:subfield code="a">Fluctuations and local symmetry in single-molecule rhodamine 6G Raman scattering on silver nanocrystal aggregates</marc:subfield>
      </marc:datafield>
      <marc:datafield tag="700" ind1="1" ind2=" ">
         <marc:subfield code="a">K. A. Bosnick</marc:subfield>
         <marc:subfield code="e">author</marc:subfield>
      </marc:datafield>
      <marc:datafield tag="700" ind1="1" ind2=" ">
         <marc:subfield code="a">J. Jiang</marc:subfield>
         <marc:subfield code="e">author</marc:subfield>
      </marc:datafield>
      <marc:datafield tag="700" ind1="1" ind2=" ">
         <marc:subfield code="a">L. E. Brus</marc:subfield>
         <marc:subfield code="e">author</marc:subfield>
      </marc:datafield>
      
      <marc:datafield tag="655" ind1=" " ind2="7">
         <marc:subfield code="a">journal article</marc:subfield>
      </marc:datafield>
      <marc:datafield tag="655" ind1=" " ind2="7">
         <marc:subfield code="a">article</marc:subfield>
         <marc:subfield code="2">bibtex</marc:subfield>
      </marc:datafield>
      <marc:datafield tag="260" ind1=" " ind2=" "/>
      <marc:datafield tag="520" ind1=" " ind2=" ">
         <marc:subfield code="a">Surface enhanced Raman scattering (SERS) from Rhodamine 6G adsorbed on small, optically resolvable aggregates of silver nanoparticles is detectable at the single-molecule level. The signal fluctuates on a second time scale, presumably due to movement of the molecule in to and out of the SERS active "hot spots". The depolarization of the signal is found to be independent of the fluctuations, to vary from one spot to the next, and to be highly dependent on the direction of the incident electric field. The "SERS continuum" dominates the signal and is assumed to arise from electronic Raman processes in the metal that are triggered by chemisorption of the molecule in the hot spot. The source of the Raman signal is therefore highly localized around the hot spot. The local structure determines the depolarization properties and is often extremely anisotropic. Conversely, the Rayleigh scattering does not depend on the molecule or the hot spot and is delocalized over the whole aggregate, which is always found to be highly isotropic. The Rayleigh scattering therefore does not fluctuate and is always highly polarized.</marc:subfield>
      </marc:datafield>
      <marc:datafield tag="773" ind1="0" ind2=" ">
         <marc:subfield code="q">106:33&lt;8096</marc:subfield>
         <marc:subfield code="t">J. Phys. Chem. B</marc:subfield>
      </marc:datafield>
      
      <marc:datafield tag="856" ind1=" " ind2=" ">
         <marc:subfield code="u">10.1021/jp0256241</marc:subfield>
      </marc:datafield>
      <marc:datafield tag="856" ind1=" " ind2=" ">
         <marc:subfield code="u">http://dx.doi.org/10.1021/jp0256241</marc:subfield>
      </marc:datafield>
   </marc:record>