
   <marc:record>
      <marc:leader>     nam  22     uu 4500</marc:leader>
      <marc:controlfield tag="008">      |           ||||||||||||||||||||||</marc:controlfield>
      <marc:datafield tag="245" ind1="1" ind2="0">
         <marc:subfield code="a">Plasmon hybridization in nanoshell dimers</marc:subfield>
      </marc:datafield>
      <marc:datafield tag="700" ind1="1" ind2=" ">
         <marc:subfield code="a">Daniel W. Brandl</marc:subfield>
         <marc:subfield code="e">author</marc:subfield>
      </marc:datafield>
      <marc:datafield tag="700" ind1="1" ind2=" ">
         <marc:subfield code="a">Chris Oubre</marc:subfield>
         <marc:subfield code="e">author</marc:subfield>
      </marc:datafield>
      <marc:datafield tag="700" ind1="1" ind2=" ">
         <marc:subfield code="a">Peter Nordlander</marc:subfield>
         <marc:subfield code="e">author</marc:subfield>
      </marc:datafield>
      
      <marc:datafield tag="655" ind1=" " ind2="7">
         <marc:subfield code="a">journal article</marc:subfield>
      </marc:datafield>
      <marc:datafield tag="655" ind1=" " ind2="7">
         <marc:subfield code="a">article</marc:subfield>
         <marc:subfield code="2">bibtex</marc:subfield>
      </marc:datafield>
      <marc:datafield tag="260" ind1=" " ind2=" "/>
      <marc:datafield tag="520" ind1=" " ind2=" ">
         <marc:subfield code="a">We extend the plasmon hybridization method to investigate the plasmon modes of metallic nanoshell dimers. The formalism is also generalized to include the effects of dielectric backgrounds. It is shown that the presence of dielectrics shifts the plasmon resonances of the individual nanoparticles to lower energies and screens their interaction in the dimer configuration. The net result is a redshift of dimer energies compared to the system without dielectrics and a weaker dependence of the dimer plasmon energies on dimer separation. We calculate the plasmon energies and optical absorption of nanoshell dimers as a function of dimer separation. The results are in excellent agreement with the results of finite difference time domain simulations.</marc:subfield>
      </marc:datafield>
      <marc:datafield tag="650" ind1="1" ind2=" ">
         <marc:subfield code="a">metals</marc:subfield>
         <marc:subfield code="x">nanoparticles</marc:subfield>
         <marc:subfield code="x">light absorption</marc:subfield>
         <marc:subfield code="x">plasmons</marc:subfield>
      </marc:datafield>
      <marc:datafield tag="773" ind1="0" ind2=" ">
         <marc:subfield code="q">123:2&lt;024701</marc:subfield>
         <marc:subfield code="t">J. Chem. Phys.</marc:subfield>
      </marc:datafield>
      
      <marc:datafield tag="856" ind1=" " ind2=" ">
         <marc:subfield code="u">10.1063/1.1949169</marc:subfield>
      </marc:datafield>
      <marc:datafield tag="856" ind1=" " ind2=" ">
         <marc:subfield code="u">http://link.aip.org/link/?JCP/123/024701/1</marc:subfield>
      </marc:datafield>
      <marc:datafield tag="856" ind1=" " ind2=" ">
         <marc:subfield code="u">http://dx.doi.org/10.1063/1.1949169</marc:subfield>
      </marc:datafield>
   </marc:record>