
   <marc:record>
      <marc:leader>     nam  22     uu 4500</marc:leader>
      <marc:controlfield tag="008">      |           ||||||||||||||||||||||</marc:controlfield>
      <marc:datafield tag="245" ind1="1" ind2="0">
         <marc:subfield code="a">Theoretical Study of Electromagnetic Scattering by Metal Nanoparticles</marc:subfield>
      </marc:datafield>
      <marc:datafield tag="700" ind1="1" ind2=" ">
         <marc:subfield code="a">Samantha Bruzzone</marc:subfield>
         <marc:subfield code="e">author</marc:subfield>
      </marc:datafield>
      <marc:datafield tag="700" ind1="1" ind2=" ">
         <marc:subfield code="a">Marco Malvaldi</marc:subfield>
         <marc:subfield code="e">author</marc:subfield>
      </marc:datafield>
      <marc:datafield tag="700" ind1="1" ind2=" ">
         <marc:subfield code="a">Giovanni P. Arrighini</marc:subfield>
         <marc:subfield code="e">author</marc:subfield>
      </marc:datafield>
      <marc:datafield tag="700" ind1="1" ind2=" ">
         <marc:subfield code="a">Carla Guidotti</marc:subfield>
         <marc:subfield code="e">author</marc:subfield>
      </marc:datafield>
      
      <marc:datafield tag="655" ind1=" " ind2="7">
         <marc:subfield code="a">journal article</marc:subfield>
      </marc:datafield>
      <marc:datafield tag="655" ind1=" " ind2="7">
         <marc:subfield code="a">article</marc:subfield>
         <marc:subfield code="2">bibtex</marc:subfield>
      </marc:datafield>
      <marc:datafield tag="260" ind1=" " ind2=" "/>
      <marc:datafield tag="520" ind1=" " ind2=" ">
         <marc:subfield code="a">Progress in near-field optical spectroscopy research on metal narroparticles demands a better understanding of the role of particle-particle and tip-sample interactions. In this perspective, we investigate theoretically, at a very moderate level of sophistication, the optical behavior of simple silver nanoparticle aggregates, in terms of a formalism involving a multipolar expansion of the fields involved, along with a simplified model for the optical behavior of nanostructures previously developed. In particular, the tip-sample interaction is taken into account roughly, treating the tip as an additional, single particle, characterized by proper dielectric behavior.</marc:subfield>
      </marc:datafield>
      <marc:datafield tag="650" ind1="1" ind2=" ">
         <marc:subfield code="a">near-field optics</marc:subfield>
         <marc:subfield code="x">clusters</marc:subfield>
         <marc:subfield code="x">gold</marc:subfield>
         <marc:subfield code="x">surface</marc:subfield>
         <marc:subfield code="x">light</marc:subfield>
         <marc:subfield code="x">microscopy</marc:subfield>
         <marc:subfield code="x">absorption</marc:subfield>
         <marc:subfield code="x">nanorods</marc:subfield>
      </marc:datafield>
      <marc:datafield tag="773" ind1="0" ind2=" ">
         <marc:subfield code="q">109:9&lt;3807</marc:subfield>
         <marc:subfield code="t">J. Phys. Chem. B</marc:subfield>
      </marc:datafield>
      
      <marc:datafield tag="856" ind1=" " ind2=" ">
         <marc:subfield code="u">10.1021/jp045451a</marc:subfield>
      </marc:datafield>
      <marc:datafield tag="856" ind1=" " ind2=" ">
         <marc:subfield code="u">http://dx.doi.org/10.1021/jp045451a</marc:subfield>
      </marc:datafield>
   </marc:record>