
   <marc:record>
      <marc:leader>     nam  22     uu 4500</marc:leader>
      <marc:controlfield tag="008">      |           ||||||||||||||||||||||</marc:controlfield>
      <marc:datafield tag="245" ind1="1" ind2="0">
         <marc:subfield code="a">Analytical Ultracentrifugation for Characterizing Nanocrystals and Their Bioconjugates</marc:subfield>
      </marc:datafield>
      <marc:datafield tag="700" ind1="1" ind2=" ">
         <marc:subfield code="a">Michelle Calabretta</marc:subfield>
         <marc:subfield code="e">author</marc:subfield>
      </marc:datafield>
      <marc:datafield tag="700" ind1="1" ind2=" ">
         <marc:subfield code="a">Jennifer A. Jamison</marc:subfield>
         <marc:subfield code="e">author</marc:subfield>
      </marc:datafield>
      <marc:datafield tag="700" ind1="1" ind2=" ">
         <marc:subfield code="a">Joshua C. Falkner</marc:subfield>
         <marc:subfield code="e">author</marc:subfield>
      </marc:datafield>
      <marc:datafield tag="700" ind1="1" ind2=" ">
         <marc:subfield code="a">Yunping Liu</marc:subfield>
         <marc:subfield code="e">author</marc:subfield>
      </marc:datafield>
      <marc:datafield tag="700" ind1="1" ind2=" ">
         <marc:subfield code="a">Benjamin D. Yuhas</marc:subfield>
         <marc:subfield code="e">author</marc:subfield>
      </marc:datafield>
      <marc:datafield tag="700" ind1="1" ind2=" ">
         <marc:subfield code="a">Kathleen S. Matthews</marc:subfield>
         <marc:subfield code="e">author</marc:subfield>
      </marc:datafield>
      <marc:datafield tag="700" ind1="1" ind2=" ">
         <marc:subfield code="a">Vicki L. Colvin</marc:subfield>
         <marc:subfield code="e">author</marc:subfield>
      </marc:datafield>
      
      <marc:datafield tag="655" ind1=" " ind2="7">
         <marc:subfield code="a">journal article</marc:subfield>
      </marc:datafield>
      <marc:datafield tag="655" ind1=" " ind2="7">
         <marc:subfield code="a">article</marc:subfield>
         <marc:subfield code="2">bibtex</marc:subfield>
      </marc:datafield>
      <marc:datafield tag="260" ind1=" " ind2=" "/>
      <marc:datafield tag="520" ind1=" " ind2=" ">
         <marc:subfield code="a">Analytical ultracentrifugation (AU) provides a general way to probe the polydispersity of nanoparticles and the formation of bioconjugates in solution. Unconjugated gold nanocrystals show sedimentation coefficient distributions that are in agreement with size distributions as measured by TEM. AU is sensitive to the size/shape changes elicited by conjugation, in this case to lactose repressor (LacI). AU data reveal saturating protein concentrations for conjugates that correspond to the measured stoichiometry of the complex under these conditions.</marc:subfield>
      </marc:datafield>
      <marc:datafield tag="650" ind1="1" ind2=" ">
         <marc:subfield code="a">single dna-molecules</marc:subfield>
         <marc:subfield code="x">nanoparticle probes</marc:subfield>
         <marc:subfield code="x">gold nanoparticles</marc:subfield>
         <marc:subfield code="x">enzymatic-activity</marc:subfield>
         <marc:subfield code="x">particle-size</marc:subfield>
         <marc:subfield code="x">protein</marc:subfield>
         <marc:subfield code="x">sedimentation</marc:subfield>
         <marc:subfield code="x">monodisperse</marc:subfield>
         <marc:subfield code="x">repressor</marc:subfield>
         <marc:subfield code="x">oligonucleotides</marc:subfield>
      </marc:datafield>
      <marc:datafield tag="773" ind1="0" ind2=" ">
         <marc:subfield code="q">5:5&lt;963</marc:subfield>
         <marc:subfield code="t">Nano Lett.</marc:subfield>
      </marc:datafield>
      
      <marc:datafield tag="856" ind1=" " ind2=" ">
         <marc:subfield code="u">10.1021/nl047926f</marc:subfield>
      </marc:datafield>
      <marc:datafield tag="856" ind1=" " ind2=" ">
         <marc:subfield code="u">http://dx.doi.org/10.1021/nl047926f</marc:subfield>
      </marc:datafield>
   </marc:record>