
   <marc:record>
      <marc:leader>     nam  22     uu 4500</marc:leader>
      <marc:controlfield tag="008">      |           ||||||||||||||||||||||</marc:controlfield>
      <marc:datafield tag="245" ind1="1" ind2="0">
         <marc:subfield code="a">Characterisation and determination of stability and functionality of biofunctionalised colloidal gold nanoparticles</marc:subfield>
      </marc:datafield>
      <marc:datafield tag="700" ind1="1" ind2=" ">
         <marc:subfield code="a">M. Campas</marc:subfield>
         <marc:subfield code="e">author</marc:subfield>
      </marc:datafield>
      <marc:datafield tag="700" ind1="1" ind2=" ">
         <marc:subfield code="a">I. Katakis</marc:subfield>
         <marc:subfield code="e">author</marc:subfield>
      </marc:datafield>
      
      <marc:datafield tag="655" ind1=" " ind2="7">
         <marc:subfield code="a">journal article</marc:subfield>
      </marc:datafield>
      <marc:datafield tag="655" ind1=" " ind2="7">
         <marc:subfield code="a">article</marc:subfield>
         <marc:subfield code="2">bibtex</marc:subfield>
      </marc:datafield>
      <marc:datafield tag="260" ind1=" " ind2=" "/>
      <marc:datafield tag="520" ind1=" " ind2=" ">
         <marc:subfield code="a">Colloidal gold nanoparticles were conjugated with oligonucleotides to create biorecognition nanomodules. The efficiency of conjugation was determined by fluorescence using a FITC-labelled thiolated model probe and by enzyme-linked nanoparticle assay (ELINA) using a digoxigeninlabelled thiolated model probe. The thermal stability of the conjugation was determined by displacement and fluorescence measurement of the FITC probe. Functionality for hybridisation was determined by enzyme-linked oligonucleotide assay (ELONA). It was found that the equilibrium oligonucleotide surface coverage reached 37% of the total nanoparticle area. These results could be verified by ELINA. Under hybridisation conditions that allowed the detection of 4-point mutations on a target 19-rner sequence (1 h at 65 C), it was found that the bio functionalised nanomodules lost between 10 and 30% of the conjugated biorecognition molecules.</marc:subfield>
      </marc:datafield>
      <marc:datafield tag="773" ind1="0" ind2=" ">
         <marc:subfield code="q">556:2&lt;306</marc:subfield>
         <marc:subfield code="t">Analytica Chimica Acta</marc:subfield>
      </marc:datafield>
      
      <marc:datafield tag="856" ind1=" " ind2=" ">
         <marc:subfield code="u">10.1016/j.aca.2005.09.032</marc:subfield>
      </marc:datafield>
      <marc:datafield tag="856" ind1=" " ind2=" ">
         <marc:subfield code="u">http://dx.doi.org/10.1016/j.aca.2005.09.032</marc:subfield>
      </marc:datafield>
   </marc:record>