
   <marc:record>
      <marc:leader>     nam  22     uu 4500</marc:leader>
      <marc:controlfield tag="008">      |           ||||||||||||||||||||||</marc:controlfield>
      <marc:datafield tag="245" ind1="1" ind2="0">
         <marc:subfield code="a">The properties of streptavidin, a biotin-binding protein produced by Streptomycetes</marc:subfield>
      </marc:datafield>
      <marc:datafield tag="700" ind1="1" ind2=" ">
         <marc:subfield code="a">Louis Chaiet</marc:subfield>
         <marc:subfield code="e">author</marc:subfield>
      </marc:datafield>
      <marc:datafield tag="700" ind1="1" ind2=" ">
         <marc:subfield code="a">Frank J. Wolf</marc:subfield>
         <marc:subfield code="e">author</marc:subfield>
      </marc:datafield>
      
      <marc:datafield tag="655" ind1=" " ind2="7">
         <marc:subfield code="a">journal article</marc:subfield>
      </marc:datafield>
      <marc:datafield tag="655" ind1=" " ind2="7">
         <marc:subfield code="a">article</marc:subfield>
         <marc:subfield code="2">bibtex</marc:subfield>
      </marc:datafield>
      <marc:datafield tag="260" ind1=" " ind2=" "/>
      <marc:datafield tag="520" ind1=" " ind2=" ">
         <marc:subfield code="a">Streptavidin, a crystalline protein isolated from fermentation filtrates of streptomycetes has been reported to have biotin-binding ability similar to avidin. A comparison has been made between streptavidin and avidin from egg white using microbiological, physical, and chemical methods. Streptavidin binds four molecules of biotin. Chemical analysis shows the absence of hexoses and amino sugars associated with avidin and reveals differences in amino acid content. Electrophoretic studies give different mobilities for streptavidin and avidin. Thus, streptavidin is a new type of biotin-binding protein.</marc:subfield>
      </marc:datafield>
      <marc:datafield tag="773" ind1="0" ind2=" ">
         <marc:subfield code="q">106&lt;1</marc:subfield>
         <marc:subfield code="t">Arch. Biochem. Biophys.</marc:subfield>
      </marc:datafield>
      
      <marc:datafield tag="856" ind1=" " ind2=" ">
         <marc:subfield code="u">10.1016/0003-9861(64)90150-X</marc:subfield>
      </marc:datafield>
      <marc:datafield tag="856" ind1=" " ind2=" ">
         <marc:subfield code="u">http://www.sciencedirect.com/science/article/B6WB5-4DXBJSC-Y9/2/143fd5a5d2d91f695504e7220b58ef62</marc:subfield>
      </marc:datafield>
      <marc:datafield tag="856" ind1=" " ind2=" ">
         <marc:subfield code="u">http://dx.doi.org/10.1016/0003-9861(64)90150-X</marc:subfield>
      </marc:datafield>
   </marc:record>