
   <marc:record>
      <marc:leader>     nam  22     uu 4500</marc:leader>
      <marc:controlfield tag="008">      |           ||||||||||||||||||||||</marc:controlfield>
      <marc:datafield tag="245" ind1="1" ind2="0">
         <marc:subfield code="a">Optical force acting on a molecule near a metal sphere: effects of decay rate change and resonance frequency shift</marc:subfield>
      </marc:datafield>
      <marc:datafield tag="700" ind1="1" ind2=" ">
         <marc:subfield code="a">Railing Chang</marc:subfield>
         <marc:subfield code="e">author</marc:subfield>
      </marc:datafield>
      
      <marc:datafield tag="655" ind1=" " ind2="7">
         <marc:subfield code="a">journal article</marc:subfield>
      </marc:datafield>
      <marc:datafield tag="655" ind1=" " ind2="7">
         <marc:subfield code="a">article</marc:subfield>
         <marc:subfield code="2">bibtex</marc:subfield>
      </marc:datafield>
      <marc:datafield tag="260" ind1=" " ind2=" "/>
      <marc:datafield tag="520" ind1=" " ind2=" ">
         <marc:subfield code="a">We present a theoretical analysis of optical force on a molecule near a metal sphere by taking into account the change of decay rate as well as the shift of resonance frequency in the response of the metal surface. As a result, the optical force is determined not only by the gradient of field but also the polarizability depending on the position and orientation of the molecule. In addition, we find the resulting reactive force cannot be expressed as a gradient of a scalar potential, in contrast to the usual situations.</marc:subfield>
      </marc:datafield>
      <marc:datafield tag="650" ind1="1" ind2=" ">
         <marc:subfield code="a">Optical force</marc:subfield>
         <marc:subfield code="x">Surface plasmon</marc:subfield>
      </marc:datafield>
      <marc:datafield tag="773" ind1="0" ind2=" ">
         <marc:subfield code="q">249:1-3&lt;329</marc:subfield>
         <marc:subfield code="t">Optics Comm.</marc:subfield>
      </marc:datafield>
      
      <marc:datafield tag="856" ind1=" " ind2=" ">
         <marc:subfield code="u">10.1016/j.optcom.2004.12.046</marc:subfield>
      </marc:datafield>
      <marc:datafield tag="856" ind1=" " ind2=" ">
         <marc:subfield code="u">http://dx.doi.org/10.1016/j.optcom.2004.12.046</marc:subfield>
      </marc:datafield>
   </marc:record>