
   <marc:record>
      <marc:leader>     nam  22     uu 4500</marc:leader>
      <marc:controlfield tag="008">      |           ||||||||||||||||||||||</marc:controlfield>
      <marc:datafield tag="245" ind1="1" ind2="0">
         <marc:subfield code="a">Nile Red-Adsorbed Gold Nanoparticles for Selective Determination of Thiols Based on Energy Transfer and Aggregation</marc:subfield>
      </marc:datafield>
      <marc:datafield tag="700" ind1="1" ind2=" ">
         <marc:subfield code="a">Shih-Ju Chen</marc:subfield>
         <marc:subfield code="e">author</marc:subfield>
      </marc:datafield>
      <marc:datafield tag="700" ind1="1" ind2=" ">
         <marc:subfield code="a">Huan-Tsung Chang</marc:subfield>
         <marc:subfield code="e">author</marc:subfield>
      </marc:datafield>
      
      <marc:datafield tag="655" ind1=" " ind2="7">
         <marc:subfield code="a">journal article</marc:subfield>
      </marc:datafield>
      <marc:datafield tag="655" ind1=" " ind2="7">
         <marc:subfield code="a">article</marc:subfield>
         <marc:subfield code="2">bibtex</marc:subfield>
      </marc:datafield>
      <marc:datafield tag="260" ind1=" " ind2=" "/>
      <marc:datafield tag="520" ind1=" " ind2=" ">
         <marc:subfield code="a">For the first time, an aqueous solution of 32-nm gold nanoparticles (GNPs), to which Nile red (NR) has been noncovalently adsorbed, has been used for sensing thiols. The as-prepared NRGNPs fluoresce weakly as a result of fluorescence resonance energy transfer between NR and the GNPs. The fluorescence of a solution containing NRGNPs at pH 4.0 increases upon the addition of thiols, but not when amines, acids, alcohols, bovine serum albumin, or hemoglobin are added. This phenomenon allows for the selective determination of thiols such as cysteamine and homocysteine, which have limits of detection of 10.2 and 10.9 nM, respectively, at a signal-to-noise ratio of 3. Interestingly, we have found that the excitation (ex = 480 nm), emission (em = 610 nm), and mass spectra (m/z 282) of the substance that desorbs from the GNPs in the presence of thiols are different from those of NR (ex = 580 nm; em = 652 nm; m/z 318), which indicates that a new product forms. When simultaneously conducting fluorescence and colorimetric assays, the selectivity of this approach further improves because at pH 4.0, the color of the NRGNPs does not change in the presence of negatively charged thiols, (e.g., N-(2-mercaptopropionyl)glycine), but changes from maroon to purple and lavender in the presence of neutral thiols (e.g., 3-mercapto-1,2-propanediol) and positively charged thiols (e.g., cysteamine), respectively, as a result of aggregation. This feature allows the types of thiols to be determined at concentrations &gt;1.0 and 0.1 µM by the naked eye and by UV-vis absorption, respectively. Depending on the rate at which the NRGNP color changes, reduced glutathione (slow) is readily distinguishable from oxidized glutathione (no aggregation and no displacement) and from cysteine and homocysteine (fast).</marc:subfield>
      </marc:datafield>
      <marc:datafield tag="650" ind1="1" ind2=" ">
         <marc:subfield code="a">performance liquid-chromatography</marc:subfield>
         <marc:subfield code="x">induced fluorescence detection</marc:subfield>
         <marc:subfield code="x">total homocysteine</marc:subfield>
         <marc:subfield code="x">surface</marc:subfield>
         <marc:subfield code="x">plasma</marc:subfield>
         <marc:subfield code="x">polynucleotides</marc:subfield>
         <marc:subfield code="x">nanocrystals</marc:subfield>
         <marc:subfield code="x">spectroscopy</marc:subfield>
         <marc:subfield code="x">recognition</marc:subfield>
         <marc:subfield code="x">proteins</marc:subfield>
      </marc:datafield>
      <marc:datafield tag="773" ind1="0" ind2=" ">
         <marc:subfield code="q">76:13&lt;3727</marc:subfield>
         <marc:subfield code="t">Anal. Chem.</marc:subfield>
      </marc:datafield>
      
      <marc:datafield tag="856" ind1=" " ind2=" ">
         <marc:subfield code="u">10.1021/ac049787s</marc:subfield>
      </marc:datafield>
      <marc:datafield tag="856" ind1=" " ind2=" ">
         <marc:subfield code="u">http://dx.doi.org/10.1021/ac049787s</marc:subfield>
      </marc:datafield>
   </marc:record>