
   <marc:record>
      <marc:leader>     nam  22     uu 4500</marc:leader>
      <marc:controlfield tag="008">      |           ||||||||||||||||||||||</marc:controlfield>
      <marc:datafield tag="245" ind1="1" ind2="0">
         <marc:subfield code="a">Radiation and lifetimes of atoms inside dielectric particles</marc:subfield>
      </marc:datafield>
      <marc:datafield tag="700" ind1="1" ind2=" ">
         <marc:subfield code="a">H. Chew</marc:subfield>
         <marc:subfield code="e">author</marc:subfield>
      </marc:datafield>
      
      <marc:datafield tag="655" ind1=" " ind2="7">
         <marc:subfield code="a">journal article</marc:subfield>
      </marc:datafield>
      <marc:datafield tag="655" ind1=" " ind2="7">
         <marc:subfield code="a">article</marc:subfield>
         <marc:subfield code="2">bibtex</marc:subfield>
      </marc:datafield>
      <marc:datafield tag="260" ind1=" " ind2=" "/>
      <marc:datafield tag="520" ind1=" " ind2=" ">
         <marc:subfield code="a">The transition rates of atoms inside spherical dielectric particles are computed and studied as functions of the transition frequency and of the physical properties of the host particle. The rates are found to range from about 0.2 to more than 1500 times the free-space value, depending on the location of the atom and other relevant physical parameters. The radiation from distributions of atoms inside liquid drops is also studied. Analytic and numerical results are given for the case of a uniform distribution of excited atoms. Large enhancements of the power output (some 100 times the value for the same distribution in bulk material) are found to occur under resonant conditions.</marc:subfield>
      </marc:datafield>
      <marc:datafield tag="650" ind1="1" ind2=" ">
         <marc:subfield code="a">energy-level transitions</marc:subfield>
         <marc:subfield code="x">lifetime</marc:subfield>
         <marc:subfield code="x">surfaces</marc:subfield>
         <marc:subfield code="x">atoms</marc:subfield>
         <marc:subfield code="x">resonance</marc:subfield>
         <marc:subfield code="x">spheres</marc:subfield>
         <marc:subfield code="x">dielectric materials</marc:subfield>
         <marc:subfield code="x">interactions</marc:subfield>
      </marc:datafield>
      <marc:datafield tag="773" ind1="0" ind2=" ">
         <marc:subfield code="q">38:7&lt;3410</marc:subfield>
         <marc:subfield code="t">Phys. Rev. A</marc:subfield>
      </marc:datafield>
      
      <marc:datafield tag="856" ind1=" " ind2=" ">
         <marc:subfield code="u">10.1103/PhysRevA.38.3410</marc:subfield>
      </marc:datafield>
      <marc:datafield tag="856" ind1=" " ind2=" ">
         <marc:subfield code="u">http://link.aps.org/abstract/PRA/v38/p3410</marc:subfield>
      </marc:datafield>
      <marc:datafield tag="856" ind1=" " ind2=" ">
         <marc:subfield code="u">http://dx.doi.org/10.1103/PhysRevA.38.3410</marc:subfield>
      </marc:datafield>
   </marc:record>