
   <marc:record>
      <marc:leader>     nam  22     uu 4500</marc:leader>
      <marc:controlfield tag="008">      |           ||||||||||||||||||||||</marc:controlfield>
      <marc:datafield tag="245" ind1="1" ind2="0">
         <marc:subfield code="a">Transition rates of atoms near spherical surfaces</marc:subfield>
      </marc:datafield>
      <marc:datafield tag="700" ind1="1" ind2=" ">
         <marc:subfield code="a">H. Chew</marc:subfield>
         <marc:subfield code="e">author</marc:subfield>
      </marc:datafield>
      
      <marc:datafield tag="655" ind1=" " ind2="7">
         <marc:subfield code="a">journal article</marc:subfield>
      </marc:datafield>
      <marc:datafield tag="655" ind1=" " ind2="7">
         <marc:subfield code="a">article</marc:subfield>
         <marc:subfield code="2">bibtex</marc:subfield>
      </marc:datafield>
      <marc:datafield tag="260" ind1=" " ind2=" "/>
      <marc:datafield tag="520" ind1=" " ind2=" ">
         <marc:subfield code="a">We study the transition rates of atoms inside and outside dielectric spheres. The rates are calculated classically, and the results are shown to agree with those obtained using other approaches. For atoms outside, our analytic results are equivalent to those of Ruppin in the case of zero conductivity. Numerical results are presented, which show that resonances have important effects on the transition rates, and that enhancement factors of hundreds are possible under suitable conditions. The Journal of Chemical Physics is copyrighted by The American Institute of Physics.</marc:subfield>
      </marc:datafield>
      <marc:datafield tag="650" ind1="1" ind2=" ">
         <marc:subfield code="a">energy-level transitions</marc:subfield>
         <marc:subfield code="x">lifetime</marc:subfield>
         <marc:subfield code="x">surfaces</marc:subfield>
         <marc:subfield code="x">atoms</marc:subfield>
         <marc:subfield code="x">resonance</marc:subfield>
         <marc:subfield code="x">spheres</marc:subfield>
         <marc:subfield code="x">dielectric materials</marc:subfield>
         <marc:subfield code="x">interactions</marc:subfield>
      </marc:datafield>
      <marc:datafield tag="773" ind1="0" ind2=" ">
         <marc:subfield code="q">87:2&lt;1355</marc:subfield>
         <marc:subfield code="t">J. Chem. Phys.</marc:subfield>
      </marc:datafield>
      
      <marc:datafield tag="856" ind1=" " ind2=" ">
         <marc:subfield code="u">10.1063/1.453317</marc:subfield>
      </marc:datafield>
      <marc:datafield tag="856" ind1=" " ind2=" ">
         <marc:subfield code="u">http://dx.doi.org/10.1063/1.453317</marc:subfield>
      </marc:datafield>
   </marc:record>