
   <marc:record>
      <marc:leader>     nam  22     uu 4500</marc:leader>
      <marc:controlfield tag="008">      |           ||||||||||||||||||||||</marc:controlfield>
      <marc:datafield tag="245" ind1="1" ind2="0">
         <marc:subfield code="a">Site-Directed Mutagenesis Studies of the High-Affinity Streptavidin-Biotin Complex: Contributions of Tryptophan Residues 79, 108, and 120</marc:subfield>
      </marc:datafield>
      <marc:datafield tag="700" ind1="1" ind2=" ">
         <marc:subfield code="a">Ashutosh Chilkoti</marc:subfield>
         <marc:subfield code="e">author</marc:subfield>
      </marc:datafield>
      <marc:datafield tag="700" ind1="1" ind2=" ">
         <marc:subfield code="a">Philip H. Tan</marc:subfield>
         <marc:subfield code="e">author</marc:subfield>
      </marc:datafield>
      <marc:datafield tag="700" ind1="1" ind2=" ">
         <marc:subfield code="a">Patrick S. Stayton</marc:subfield>
         <marc:subfield code="e">author</marc:subfield>
      </marc:datafield>
      
      <marc:datafield tag="655" ind1=" " ind2="7">
         <marc:subfield code="a">journal article</marc:subfield>
      </marc:datafield>
      <marc:datafield tag="655" ind1=" " ind2="7">
         <marc:subfield code="a">article</marc:subfield>
         <marc:subfield code="2">bibtex</marc:subfield>
      </marc:datafield>
      <marc:datafield tag="260" ind1=" " ind2=" "/>
      <marc:datafield tag="520" ind1=" " ind2=" ">
         <marc:subfield code="a">We report the functional characterization of site-directed biotin binding-site mutants of recombinant core streptavidin. The mutagenesis studies were aimed at characterizing the contributions of Trp residues known to contact biotin that have been postulated to control the exceptional binding affinity observed in this system. The functional properties of single site-directed mutants replacing Trp residues with Phe or Ala at positions 79, 108, and 120 were investigated by quantitating the EC50 binding parameters of these mutants to biotin and 2-iminobiotin in an ELISA format. The biotin EC50 for all mutants was the same as wild-type streptavidin, demonstrating that their DeltaKa values relative to wild type were &lt;106. The conservative W79F and W108F mutants displayed only a 2- to 3-fold increase in EC50 for 2-iminobiotin, corresponding to an estimated DeltaKa &lt;10, while the W120F mutant displayed a much greater alteration in 2-iminobiotin EC50, corresponding to an estimated DeltaKa of 102. These DeltaKa values are likely to reflect similar changes for biotin. The 2-iminobiotin EC50 values for the Ala mutants fell outside the accessible concentration range of the ELISA assay, demonstrating that these mutations lowered the Ka by a factor of 104 to 106. Direct estimation of biotin Ka values for W79A, W120A, and W120F in an ultrafiltration binding assay yielded Ka values of 4.3 x 107 M-1, 8.6 x 106 M-1, and &gt;5 x 109 M-1, respectively, in excellent agreement with the ELISA estimates of DeltaKa with 2-iminobiotin as a reporter ligand. The results of these preliminary functional studies suggest that these aromatic side chains contribute significantly to the streptavidin-biotin binding free energy.</marc:subfield>
      </marc:datafield>
      <marc:datafield tag="773" ind1="0" ind2=" ">
         <marc:subfield code="q">92:5&lt;1754</marc:subfield>
         <marc:subfield code="t">Proc. Natl. Acad. Sci. USA</marc:subfield>
      </marc:datafield>
      
      <marc:datafield tag="856" ind1=" " ind2=" ">
         <marc:subfield code="u">10.1073/pnas.92.5.1754</marc:subfield>
      </marc:datafield>
      <marc:datafield tag="856" ind1=" " ind2=" ">
         <marc:subfield code="u">http://www.pnas.org/cgi/content/abstract/92/5/1754</marc:subfield>
      </marc:datafield>
      <marc:datafield tag="856" ind1=" " ind2=" ">
         <marc:subfield code="u">http://dx.doi.org/10.1073/pnas.92.5.1754</marc:subfield>
      </marc:datafield>
   </marc:record>