
   <marc:record>
      <marc:leader>     nam  22     uu 4500</marc:leader>
      <marc:controlfield tag="008">      |           ||||||||||||||||||||||</marc:controlfield>
      <marc:datafield tag="245" ind1="1" ind2="0">
         <marc:subfield code="a">Plasmon Polaritons in Finite-Length Metal-Nanoparticle Chains: The Role of Chain Length Unravelled</marc:subfield>
      </marc:datafield>
      <marc:datafield tag="700" ind1="1" ind2=" ">
         <marc:subfield code="a">D. S. Citrin</marc:subfield>
         <marc:subfield code="e">author</marc:subfield>
      </marc:datafield>
      
      <marc:datafield tag="655" ind1=" " ind2="7">
         <marc:subfield code="a">journal article</marc:subfield>
      </marc:datafield>
      <marc:datafield tag="655" ind1=" " ind2="7">
         <marc:subfield code="a">article</marc:subfield>
         <marc:subfield code="2">bibtex</marc:subfield>
      </marc:datafield>
      <marc:datafield tag="260" ind1=" " ind2=" "/>
      <marc:datafield tag="520" ind1=" " ind2=" ">
         <marc:subfield code="a">While the conceptual framework for nanoplasmonic waveguides composed of a chain of noncontacting metal nanoparticles usually neglects the effects of the ends, the long-range nature of the interparticle coupling underlying the electromagnetic transport means that finite chain length can play an important role. Here, the complex energies of the plasmon-polariton modes in finite-length nanoparticle chains are calculated to ascertain the effects of chain length on the mode dispersion and the radiative contribution to the attenuation. The results indicate that, for typical parameters, the infinite-chain limit is reached with  10 nanoparticles. Thus, even for chain lengths well exceeding the attenuation length, long-range coupling of distant nanoparticles is shown to impact the dispersion and radiative loss.</marc:subfield>
      </marc:datafield>
      <marc:datafield tag="773" ind1="0" ind2=" ">
         <marc:subfield code="q">5:5&lt;985</marc:subfield>
         <marc:subfield code="t">Nano Lett.</marc:subfield>
      </marc:datafield>
      
      <marc:datafield tag="856" ind1=" " ind2=" ">
         <marc:subfield code="u">10.1021/nl050513+</marc:subfield>
      </marc:datafield>
      <marc:datafield tag="856" ind1=" " ind2=" ">
         <marc:subfield code="u">http://dx.doi.org/10.1021/nl050513+</marc:subfield>
      </marc:datafield>
   </marc:record>