
   <marc:record>
      <marc:leader>     nam  22     uu 4500</marc:leader>
      <marc:controlfield tag="008">      |           ||||||||||||||||||||||</marc:controlfield>
      <marc:datafield tag="245" ind1="1" ind2="0">
         <marc:subfield code="a">Lifetimes of electronic excited states of a molecule close to a metal surface</marc:subfield>
      </marc:datafield>
      <marc:datafield tag="700" ind1="1" ind2=" ">
         <marc:subfield code="a">S. Corni</marc:subfield>
         <marc:subfield code="e">author</marc:subfield>
      </marc:datafield>
      <marc:datafield tag="700" ind1="1" ind2=" ">
         <marc:subfield code="a">J. Tomasi</marc:subfield>
         <marc:subfield code="e">author</marc:subfield>
      </marc:datafield>
      
      <marc:datafield tag="655" ind1=" " ind2="7">
         <marc:subfield code="a">journal article</marc:subfield>
      </marc:datafield>
      <marc:datafield tag="655" ind1=" " ind2="7">
         <marc:subfield code="a">article</marc:subfield>
         <marc:subfield code="2">bibtex</marc:subfield>
      </marc:datafield>
      <marc:datafield tag="260" ind1=" " ind2=" "/>
      <marc:datafield tag="520" ind1=" " ind2=" ">
         <marc:subfield code="a">We present a model for the evaluation of the metal-induced deexcitation rate for molecules close to a metal surface. In this model, the molecule is treated quantum mechanically at the density-functional theory level and its excitations with a time-dependent density-functional theory procedure. The metal is described through its dielectric response properties. The nonlocal features of such a response are taken into account by using a modified Lindhard-Mermin dielectric constant. The presence of small random roughness on the metal surface is described with the model of Rahman and Maradudin [Phys. Rev. B 21, 504 (1980)]. Systems in which the molecule close to the metal is immersed in an homogeneous matrix or deposited on a spacer are considered. The matrix and the spacer are treated with the polarizable continuum model. The molecule-metal and the molecule-matrix (or molecule-spacer) electrostatic interactions are described by using the integral equation formalism, numerically treated with a boundary element method. As a test case, the method has been applied to the study of phosphorescence from biacetyl close to a silver surface and immersed in or deposited on solid ammonia. Our results show that nonlocal metal response and surface roughness have an important role in explaining measured lifetimes.</marc:subfield>
      </marc:datafield>
      <marc:datafield tag="650" ind1="1" ind2=" ">
         <marc:subfield code="a">silver</marc:subfield>
         <marc:subfield code="x">integral equations</marc:subfield>
         <marc:subfield code="x">organic compounds</marc:subfield>
         <marc:subfield code="x">free radicals</marc:subfield>
         <marc:subfield code="x">excited states</marc:subfield>
         <marc:subfield code="x">density functional theory</marc:subfield>
         <marc:subfield code="x">permittivity</marc:subfield>
         <marc:subfield code="x">phosphorescence</marc:subfield>
         <marc:subfield code="x">boundary-elements methods</marc:subfield>
         <marc:subfield code="x">radiative lifetimes</marc:subfield>
      </marc:datafield>
      <marc:datafield tag="773" ind1="0" ind2=" ">
         <marc:subfield code="q">118:14&lt;6481</marc:subfield>
         <marc:subfield code="t">J. Chem. Phys.</marc:subfield>
      </marc:datafield>
      
      <marc:datafield tag="856" ind1=" " ind2=" ">
         <marc:subfield code="u">10.1063/1.1558036</marc:subfield>
      </marc:datafield>
      <marc:datafield tag="856" ind1=" " ind2=" ">
         <marc:subfield code="u">http://dx.doi.org/10.1063/1.1558036</marc:subfield>
      </marc:datafield>
   </marc:record>