
   <marc:record>
      <marc:leader>     nam  22     uu 4500</marc:leader>
      <marc:controlfield tag="008">      |           ||||||||||||||||||||||</marc:controlfield>
      <marc:datafield tag="245" ind1="1" ind2="0">
         <marc:subfield code="a">Excitation energies of a molecule close to a metal surface</marc:subfield>
      </marc:datafield>
      <marc:datafield tag="700" ind1="1" ind2=" ">
         <marc:subfield code="a">S. Corni</marc:subfield>
         <marc:subfield code="e">author</marc:subfield>
      </marc:datafield>
      <marc:datafield tag="700" ind1="1" ind2=" ">
         <marc:subfield code="a">J. Tomasi</marc:subfield>
         <marc:subfield code="e">author</marc:subfield>
      </marc:datafield>
      
      <marc:datafield tag="655" ind1=" " ind2="7">
         <marc:subfield code="a">journal article</marc:subfield>
      </marc:datafield>
      <marc:datafield tag="655" ind1=" " ind2="7">
         <marc:subfield code="a">article</marc:subfield>
         <marc:subfield code="2">bibtex</marc:subfield>
      </marc:datafield>
      <marc:datafield tag="260" ind1=" " ind2=" "/>
      <marc:datafield tag="520" ind1=" " ind2=" ">
         <marc:subfield code="a">A model for the calculation of excitation energies of molecules close to a metal surface is presented. The molecule is treated at the density functional theory (DFT) or Hartree-Fock (HF) level and the excitation energies are calculated through a time dependent DFT (TDDFT) or time dependent HF (TDHF) procedure. The metal is treated as a continuous body characterized by its frequency dependent dielectric constant, taken from experiments, in the case modified to take into account nonlocal effects in the response to the metal. Such effects are accounted for by using the specular reflection model and a hydrodynamic correction to the dielectric constant. The presence of a solvent is described with the Polarizable Continuum Model. The (quasi-)electrostatic interactions between the molecule and the metal-solvent environment are treated by exploiting the integral equation formalism, numerically solved through a boundary element method. Applications of the method are given to show its numerical accuracy and the dependence of the results on the various parameters of the model (e.g., nature of the molecule, solvent, chemical nature of the metal, metal-molecule distance).</marc:subfield>
      </marc:datafield>
      <marc:datafield tag="773" ind1="0" ind2=" ">
         <marc:subfield code="q">117:15&lt;7266</marc:subfield>
         <marc:subfield code="t">J. Chem. Phys.</marc:subfield>
      </marc:datafield>
      
      <marc:datafield tag="856" ind1=" " ind2=" ">
         <marc:subfield code="u">10.1063/1.1507579</marc:subfield>
      </marc:datafield>
      <marc:datafield tag="856" ind1=" " ind2=" ">
         <marc:subfield code="u">http://dx.doi.org/10.1063/1.1507579</marc:subfield>
      </marc:datafield>
   </marc:record>