
   <marc:record>
      <marc:leader>     nam  22     uu 4500</marc:leader>
      <marc:controlfield tag="008">      |           ||||||||||||||||||||||</marc:controlfield>
      <marc:datafield tag="245" ind1="1" ind2="0">
         <marc:subfield code="a">Enhancement of molecular fluorescence and photochemistry by small metal particles</marc:subfield>
      </marc:datafield>
      <marc:datafield tag="700" ind1="1" ind2=" ">
         <marc:subfield code="a">Purna Das</marc:subfield>
         <marc:subfield code="e">author</marc:subfield>
      </marc:datafield>
      <marc:datafield tag="700" ind1="1" ind2=" ">
         <marc:subfield code="a">Horia Metiu</marc:subfield>
         <marc:subfield code="e">author</marc:subfield>
      </marc:datafield>
      
      <marc:datafield tag="655" ind1=" " ind2="7">
         <marc:subfield code="a">journal article</marc:subfield>
      </marc:datafield>
      <marc:datafield tag="655" ind1=" " ind2="7">
         <marc:subfield code="a">article</marc:subfield>
         <marc:subfield code="2">bibtex</marc:subfield>
      </marc:datafield>
      <marc:datafield tag="260" ind1=" " ind2=" "/>
      <marc:datafield tag="520" ind1=" " ind2=" ">
         <marc:subfield code="a">We examine a quantum mechanical model for the enhancement of fluorescence yield and photochemical rates by the presence of a small particle capable to sustain electromagnetic resonances. the sphere lowers the absorption and emission efficiency by taking energy from the molecule and storing it in non-radiative modes, enhances the absorption by increasing the local field, and enhances the fluorescence by emitting efficiently the energy transferred from the emitting state ti a radiative electromegnetic resonance of the particle. The present paper studies how the interplay of these effectd modifies fluorescence intensity and the rate of photochemical reactions.</marc:subfield>
      </marc:datafield>
      <marc:datafield tag="773" ind1="0" ind2=" ">
         <marc:subfield code="q">89:22&lt;4680</marc:subfield>
         <marc:subfield code="t">J. Phys. Chem.</marc:subfield>
      </marc:datafield>
      
   </marc:record>