
   <marc:record>
      <marc:leader>     nam  22     uu 4500</marc:leader>
      <marc:controlfield tag="008">      |           ||||||||||||||||||||||</marc:controlfield>
      <marc:datafield tag="245" ind1="1" ind2="0">
         <marc:subfield code="a">Local Electrical Detection of Single Nanoparticle Plasmon Resonance</marc:subfield>
      </marc:datafield>
      <marc:datafield tag="700" ind1="1" ind2=" ">
         <marc:subfield code="a">Iwijn De Vlaminck</marc:subfield>
         <marc:subfield code="e">author</marc:subfield>
         <marc:subfield code="u">Imec, Kapeldreef 75, 3001 Leuven, Belgium</marc:subfield>
      </marc:datafield>
      <marc:datafield tag="700" ind1="1" ind2=" ">
         <marc:subfield code="a">Pol Van Dorpe</marc:subfield>
         <marc:subfield code="e">author</marc:subfield>
         <marc:subfield code="u">Imec, Kapeldreef 75, 3001 Leuven, Belgium</marc:subfield>
      </marc:datafield>
      <marc:datafield tag="700" ind1="1" ind2=" ">
         <marc:subfield code="a">Liesbet Lagae</marc:subfield>
         <marc:subfield code="e">author</marc:subfield>
         <marc:subfield code="u">Imec, Kapeldreef 75, 3001 Leuven, Belgium</marc:subfield>
      </marc:datafield>
      <marc:datafield tag="700" ind1="1" ind2=" ">
         <marc:subfield code="a">Gustaaf Borghs</marc:subfield>
         <marc:subfield code="e">author</marc:subfield>
         <marc:subfield code="u">Imec, Kapeldreef 75, 3001 Leuven, Belgium</marc:subfield>
      </marc:datafield>
      
      <marc:datafield tag="655" ind1=" " ind2="7">
         <marc:subfield code="a">journal article</marc:subfield>
      </marc:datafield>
      <marc:datafield tag="655" ind1=" " ind2="7">
         <marc:subfield code="a">article</marc:subfield>
         <marc:subfield code="2">bibtex</marc:subfield>
      </marc:datafield>
      <marc:datafield tag="260" ind1=" " ind2=" "/>
      <marc:datafield tag="520" ind1=" " ind2=" ">
         <marc:subfield code="a">We developed a technique for the local electrical detection of a plasmon resonance in a single metal nanoparticle. A gold nanoparticle is coupled to a GaAs photodetector placed in the particle's near field. Light scattered by the particle is coupled into the semiconductor cavity of the photodetector, providing efficient transduction. Strong multipolar resonances were recorded in the 650-920 nm wavelength range. This local detection technique allows the construction of sensitive nanoscale bioprobes and arrays thereof.</marc:subfield>
      </marc:datafield>
      <marc:datafield tag="773" ind1="0" ind2=" ">
         <marc:subfield code="t">Nano Lett.</marc:subfield>
         <marc:subfield code="x">1530-6984</marc:subfield>
      </marc:datafield>
      
      <marc:datafield tag="856" ind1=" " ind2=" ">
         <marc:subfield code="u">10.1021/nl062861x</marc:subfield>
      </marc:datafield>
      <marc:datafield tag="856" ind1=" " ind2=" ">
         <marc:subfield code="u">http://dx.doi.org/10.1021/nl062861x</marc:subfield>
      </marc:datafield>
   </marc:record>