
   <marc:record>
      <marc:leader>     nam  22     uu 4500</marc:leader>
      <marc:controlfield tag="008">      |           ||||||||||||||||||||||</marc:controlfield>
      <marc:datafield tag="245" ind1="1" ind2="0">
         <marc:subfield code="a">Theory of the stability of strongly charged lyophobic sols and of the adhesion of strongly charged particles in solution of electrolytes</marc:subfield>
      </marc:datafield>
      <marc:datafield tag="700" ind1="1" ind2=" ">
         <marc:subfield code="a">B. V. Derjaguin</marc:subfield>
         <marc:subfield code="e">author</marc:subfield>
      </marc:datafield>
      <marc:datafield tag="700" ind1="1" ind2=" ">
         <marc:subfield code="a">L. Landau</marc:subfield>
         <marc:subfield code="e">author</marc:subfield>
      </marc:datafield>
      
      <marc:datafield tag="655" ind1=" " ind2="7">
         <marc:subfield code="a">journal article</marc:subfield>
      </marc:datafield>
      <marc:datafield tag="655" ind1=" " ind2="7">
         <marc:subfield code="a">article</marc:subfield>
         <marc:subfield code="2">bibtex</marc:subfield>
      </marc:datafield>
      <marc:datafield tag="260" ind1=" " ind2=" "/>
      <marc:datafield tag="773" ind1="0" ind2=" ">
         <marc:subfield code="q">14&lt;633</marc:subfield>
         <marc:subfield code="t">Acta Physicochim. URSS</marc:subfield>
      </marc:datafield>
      
      <marc:datafield tag="022" ind1=" " ind2=" ">
         <marc:subfield code="a">0486409295</marc:subfield>
      </marc:datafield>
   </marc:record>