
   <marc:record>
      <marc:leader>     nam  22     uu 4500</marc:leader>
      <marc:controlfield tag="008">      |           ||||||||||||||||||||||</marc:controlfield>
      <marc:datafield tag="245" ind1="1" ind2="0">
         <marc:subfield code="a">A Theory of Sensitized Luminescence in Solids</marc:subfield>
      </marc:datafield>
      <marc:datafield tag="700" ind1="1" ind2=" ">
         <marc:subfield code="a">D. L. Dexter</marc:subfield>
         <marc:subfield code="e">author</marc:subfield>
      </marc:datafield>
      
      <marc:datafield tag="655" ind1=" " ind2="7">
         <marc:subfield code="a">journal article</marc:subfield>
      </marc:datafield>
      <marc:datafield tag="655" ind1=" " ind2="7">
         <marc:subfield code="a">article</marc:subfield>
         <marc:subfield code="2">bibtex</marc:subfield>
      </marc:datafield>
      <marc:datafield tag="260" ind1=" " ind2=" "/>
      <marc:datafield tag="520" ind1=" " ind2=" ">
         <marc:subfield code="a">The term ``sensitized luminescence'' in crystalline phosphors refers to the phenomenon whereby an impurity (activator, or emitter) is enabled to luminesce upon the absorption of light in a different type of center (sensitizer, or absorber) and upon the subsequent radiationless transfer of energy from the sensitizer to the activator. The resonance theory of Förster, which involves only allowed transitions, is extended to include transfer by means of forbidden transitions which, it is concluded, are responsible for the transfer in all inorganic systems yet investigated. The transfer mechanisms of importance are, in order of decreasing strength, the overlapping of the electric dipole fields of the sensitizer and the activator, the overlapping of the dipole field of the sensitizer with the quadrupole field of the activator, and exchange effects. These mechanisms will give rise to ``sensitization'' of about 10^3-10^4, 10^2, and 30 lattice sites surrounding each sensitizer in typical systems. The dependence of transfer efficiency upon sensitizer and activator concentrations and on temperature are discussed. Application is made of the theory to experimental results on inorganic phosphors, and further experiments are suggested.</marc:subfield>
      </marc:datafield>
      <marc:datafield tag="773" ind1="0" ind2=" ">
         <marc:subfield code="q">21:5&lt;836</marc:subfield>
         <marc:subfield code="t">J. Chem. Phys.</marc:subfield>
      </marc:datafield>
      
      <marc:datafield tag="856" ind1=" " ind2=" ">
         <marc:subfield code="u">10.1063/1.1699044</marc:subfield>
      </marc:datafield>
      <marc:datafield tag="856" ind1=" " ind2=" ">
         <marc:subfield code="u">http://link.aip.org/link/?JCP/21/836/1</marc:subfield>
      </marc:datafield>
      <marc:datafield tag="856" ind1=" " ind2=" ">
         <marc:subfield code="u">http://dx.doi.org/10.1063/1.1699044</marc:subfield>
      </marc:datafield>
   </marc:record>