
   <marc:record>
      <marc:leader>     nam  22     uu 4500</marc:leader>
      <marc:controlfield tag="008">      |           ||||||||||||||||||||||</marc:controlfield>
      <marc:datafield tag="245" ind1="1" ind2="0">
         <marc:subfield code="a">{Conformational Dynamics in a Dipeptide After Single-Mode Vibrational Excitation}</marc:subfield>
      </marc:datafield>
      <marc:datafield tag="700" ind1="1" ind2=" ">
         <marc:subfield code="a">Brian C. Dian</marc:subfield>
         <marc:subfield code="e">author</marc:subfield>
      </marc:datafield>
      <marc:datafield tag="700" ind1="1" ind2=" ">
         <marc:subfield code="a">Asier Longarte</marc:subfield>
         <marc:subfield code="e">author</marc:subfield>
      </marc:datafield>
      <marc:datafield tag="700" ind1="1" ind2=" ">
         <marc:subfield code="a">Timothy S. Zwier</marc:subfield>
         <marc:subfield code="e">author</marc:subfield>
      </marc:datafield>
      
      <marc:datafield tag="655" ind1=" " ind2="7">
         <marc:subfield code="a">journal article</marc:subfield>
      </marc:datafield>
      <marc:datafield tag="655" ind1=" " ind2="7">
         <marc:subfield code="a">article</marc:subfield>
         <marc:subfield code="2">bibtex</marc:subfield>
      </marc:datafield>
      <marc:datafield tag="260" ind1=" " ind2=" "/>
      <marc:datafield tag="520" ind1=" " ind2=" ">
         <marc:subfield code="a">The dynamics of conformational isomerization are explored in a methyl-capped dipeptide, N-acetyl-tryptophan methyl amide (NATMA), using infrared-ultraviolet (IR-UV) hole-filling and IR-induced population transfer spectroscopies. IR radiation selectively excites individual NH stretch vibrational fundamentals of single conformations of the molecule in the early portions of a gas-phase expansion, and then this excited population is collisionally recooled into its conformational minima for subsequent conformation-specific detection. Efficient isomerization is induced by the IR excitation that redistributes population between the same conformations that have population in the absence of IR excitation. The quantum yields for transfer of the population into the various conformational minima depend uniquely on which conformation is excited and on which NH stretch vibration is excited within a given conformation.</marc:subfield>
      </marc:datafield>
      <marc:datafield tag="773" ind1="0" ind2=" ">
         <marc:subfield code="q">296:5577&lt;2369</marc:subfield>
         <marc:subfield code="t">Science</marc:subfield>
      </marc:datafield>
      
      <marc:datafield tag="856" ind1=" " ind2=" ">
         <marc:subfield code="u">10.1126/science.1071563</marc:subfield>
      </marc:datafield>
      <marc:datafield tag="856" ind1=" " ind2=" ">
         <marc:subfield code="u">http://www.sciencemag.org/cgi/content/abstract/296/5577/2369</marc:subfield>
      </marc:datafield>
      <marc:datafield tag="856" ind1=" " ind2=" ">
         <marc:subfield code="u">http://dx.doi.org/10.1126/science.1071563</marc:subfield>
      </marc:datafield>
   </marc:record>