
   <marc:record>
      <marc:leader>     nam  22     uu 4500</marc:leader>
      <marc:controlfield tag="008">      |           ||||||||||||||||||||||</marc:controlfield>
      <marc:datafield tag="245" ind1="1" ind2="0">
         <marc:subfield code="a">Single-Molecule and Single-Nanoparticle SERS: Examining the Roles of Surface Active Sites and Chemical Enhancement</marc:subfield>
      </marc:datafield>
      <marc:datafield tag="700" ind1="1" ind2=" ">
         <marc:subfield code="a">William E. Doering</marc:subfield>
         <marc:subfield code="e">author</marc:subfield>
         <marc:subfield code="u">Department of Chemistry, Indiana University, Bloomington, Indiana 47405</marc:subfield>
      </marc:datafield>
      <marc:datafield tag="700" ind1="1" ind2=" ">
         <marc:subfield code="a">Shuming Nie</marc:subfield>
         <marc:subfield code="e">author</marc:subfield>
         <marc:subfield code="u">Department of Chemistry, Indiana University, Bloomington, Indiana 47405</marc:subfield>
      </marc:datafield>
      
      <marc:datafield tag="655" ind1=" " ind2="7">
         <marc:subfield code="a">journal article</marc:subfield>
      </marc:datafield>
      <marc:datafield tag="655" ind1=" " ind2="7">
         <marc:subfield code="a">article</marc:subfield>
         <marc:subfield code="2">bibtex</marc:subfield>
      </marc:datafield>
      <marc:datafield tag="260" ind1=" " ind2=" "/>
      <marc:datafield tag="520" ind1=" " ind2=" ">
         <marc:subfield code="a">Recent research in several groups has identified a new class of metal colloidal nanoparticles that is able to enhance the efficiencies of surface-enhanced Raman scattering (SERS) by as much as 1014-1015 fold. This enormous enhancement allows single-molecule detection and spectroscopy at room temperature. Previous single-molecule and single-particle studies have yielded important insights into the mechanism of electromagnetic field enhancement, but little is known about the contributions of surface active sites and chemical enhancement. Here we report a direct examination of chemical enhancement by using an integrated flow injection and ultrasensitive optical imaging/spectroscopy system. A key feature is that colloidal silver nanoparticles are immobilized on a glass surface inside a microflow device and that single-particle SERS signals are observed in real time while the immobilized particles are treated by chemical reagents in the flow cell. In situ surface plasmon scattering studies of spatially isolated particles indicate that their electromagnetic properties do not change after chemical treatment. Thus, the observed SERS spectral changes should primarily come from chemical enhancement at surface active sites. Our experimental data reveal that three halide ions (Cl-, Br-, and I-) have a substantial activating effect, whereas other ions such as citrate, sulfate, and fluoride have little or no effect on single-particle SERS. A "quenching" effect is observed for thiosulfate ions, which completely destroys the SERS activity. The chemical enhancement factors are estimated to be about 102-103 for rhodamine 6G molecules adsorbed on single Ag nanoparticles</marc:subfield>
      </marc:datafield>
      <marc:datafield tag="773" ind1="0" ind2=" ">
         <marc:subfield code="q">106:2&lt;311</marc:subfield>
         <marc:subfield code="t">J. Phys. Chem. B</marc:subfield>
         <marc:subfield code="x">1520-6106</marc:subfield>
      </marc:datafield>
      
      <marc:datafield tag="856" ind1=" " ind2=" ">
         <marc:subfield code="u">10.1021/jp011730b</marc:subfield>
      </marc:datafield>
      <marc:datafield tag="856" ind1=" " ind2=" ">
         <marc:subfield code="u">http://dx.doi.org/10.1021/jp011730b</marc:subfield>
      </marc:datafield>
   </marc:record>