
   <marc:record>
      <marc:leader>     nam  22     uu 4500</marc:leader>
      <marc:controlfield tag="008">      |           ||||||||||||||||||||||</marc:controlfield>
      <marc:datafield tag="245" ind1="1" ind2="0">
         <marc:subfield code="a">Adaptive Silver Films for Detection of Antibody-Antigen Binding</marc:subfield>
      </marc:datafield>
      <marc:datafield tag="700" ind1="1" ind2=" ">
         <marc:subfield code="a">Vladimir P. Drachev</marc:subfield>
         <marc:subfield code="e">author</marc:subfield>
         <marc:subfield code="u">School of Electrical and Computer Engineering, Department of Medicinal Chemistry and Molecular Pharmacology, and Department of Chemistry, Purdue University, West Lafayette, Indiana 47907</marc:subfield>
      </marc:datafield>
      <marc:datafield tag="700" ind1="1" ind2=" ">
         <marc:subfield code="a">Vishal C. Nashine</marc:subfield>
         <marc:subfield code="e">author</marc:subfield>
         <marc:subfield code="u">School of Electrical and Computer Engineering, Department of Medicinal Chemistry and Molecular Pharmacology, and Department of Chemistry, Purdue University, West Lafayette, Indiana 47907</marc:subfield>
      </marc:datafield>
      <marc:datafield tag="700" ind1="1" ind2=" ">
         <marc:subfield code="a">Mark D. Thoreson</marc:subfield>
         <marc:subfield code="e">author</marc:subfield>
         <marc:subfield code="u">School of Electrical and Computer Engineering, Department of Medicinal Chemistry and Molecular Pharmacology, and Department of Chemistry, Purdue University, West Lafayette, Indiana 47907</marc:subfield>
      </marc:datafield>
      <marc:datafield tag="700" ind1="1" ind2=" ">
         <marc:subfield code="a">Dor Ben-Amotz</marc:subfield>
         <marc:subfield code="e">author</marc:subfield>
         <marc:subfield code="u">School of Electrical and Computer Engineering, Department of Medicinal Chemistry and Molecular Pharmacology, and Department of Chemistry, Purdue University, West Lafayette, Indiana 47907</marc:subfield>
      </marc:datafield>
      <marc:datafield tag="700" ind1="1" ind2=" ">
         <marc:subfield code="a">V. Jo Davisson</marc:subfield>
         <marc:subfield code="e">author</marc:subfield>
         <marc:subfield code="u">School of Electrical and Computer Engineering, Department of Medicinal Chemistry and Molecular Pharmacology, and Department of Chemistry, Purdue University, West Lafayette, Indiana 47907</marc:subfield>
      </marc:datafield>
      <marc:datafield tag="700" ind1="1" ind2=" ">
         <marc:subfield code="a">Vladimir M. Shalaev</marc:subfield>
         <marc:subfield code="e">author</marc:subfield>
         <marc:subfield code="u">School of Electrical and Computer Engineering, Department of Medicinal Chemistry and Molecular Pharmacology, and Department of Chemistry, Purdue University, West Lafayette, Indiana 47907</marc:subfield>
      </marc:datafield>
      
      <marc:datafield tag="655" ind1=" " ind2="7">
         <marc:subfield code="a">journal article</marc:subfield>
      </marc:datafield>
      <marc:datafield tag="655" ind1=" " ind2="7">
         <marc:subfield code="a">article</marc:subfield>
         <marc:subfield code="2">bibtex</marc:subfield>
      </marc:datafield>
      <marc:datafield tag="260" ind1=" " ind2=" "/>
      <marc:datafield tag="520" ind1=" " ind2=" ">
         <marc:subfield code="a">Antibody-antigen binding events at a monolayer protein concentration have been demonstrated on nanostructured adaptive silver films (ASFs) using surface-enhanced Raman scattering (SERS) and luminescence-based assays. It is shown that proteins stabilize and restructure the ASF to increase the SERS signal while preserving antigen-binding activity. Evidence for antibody-antigen binding on the ASF substrates is the distinct SERS spectral changes of the surface-bound antibody or antigen without special tags. The activity of the surface-bound proteins and their practical application are validated by independent immunochemical assays. Results are presented to demonstrate that these surfaces can be extended to protein arrays with detection applications distinct from current SERS, fluorescence, or luminescence methods.</marc:subfield>
      </marc:datafield>
      <marc:datafield tag="773" ind1="0" ind2=" ">
         <marc:subfield code="q">21:18&lt;8368</marc:subfield>
         <marc:subfield code="t">Langmuir</marc:subfield>
         <marc:subfield code="x">0743-7463</marc:subfield>
      </marc:datafield>
      
      <marc:datafield tag="856" ind1=" " ind2=" ">
         <marc:subfield code="u">10.1021/la0502490</marc:subfield>
      </marc:datafield>
      <marc:datafield tag="856" ind1=" " ind2=" ">
         <marc:subfield code="u">http://dx.doi.org/10.1021/la0502490</marc:subfield>
      </marc:datafield>
   </marc:record>