
   <marc:record>
      <marc:leader>     nam  22     uu 4500</marc:leader>
      <marc:controlfield tag="008">      |           ||||||||||||||||||||||</marc:controlfield>
      <marc:datafield tag="245" ind1="1" ind2="0">
         <marc:subfield code="a">The Discrete-Dipole Approximation and Its Application to Interstellar Graphite Grains</marc:subfield>
      </marc:datafield>
      <marc:datafield tag="700" ind1="1" ind2=" ">
         <marc:subfield code="a">B. T. Draine</marc:subfield>
         <marc:subfield code="e">author</marc:subfield>
      </marc:datafield>
      
      <marc:datafield tag="655" ind1=" " ind2="7">
         <marc:subfield code="a">journal article</marc:subfield>
      </marc:datafield>
      <marc:datafield tag="655" ind1=" " ind2="7">
         <marc:subfield code="a">article</marc:subfield>
         <marc:subfield code="2">bibtex</marc:subfield>
      </marc:datafield>
      <marc:datafield tag="260" ind1=" " ind2=" "/>
      <marc:datafield tag="520" ind1=" " ind2=" ">
         <marc:subfield code="a">The discrete dipole approximation (DDA), a flexible method for computing scattering of radiation by particles of arbitrary shape, is extended to incorporate the effects of radiative reaction and to allow for possible anisotropy of the dielectric tensor of the material. Formulas are given for the evaluation of extinction, absorption, scattering, and polarization cross sections. A simple numerical algorithm based on the method of conjugate gradients is found to provide an efficient and robust method for obtaining accurate solutions to the scattering problem. The method works well for absorptive, as well as dielectric, grain materials. Two validity criteria for the DDA are presented. The DDA is then used to compute extinction cross sections for spherical graphite grains and to calculate extinction cross sections for nonspherical graphite grains with three different geometries. It is concluded that the interstellar 2175 A extinction feature could be produced by small graphite grains which should have aspect ratios not far from unity.</marc:subfield>
      </marc:datafield>
      <marc:datafield tag="773" ind1="0" ind2=" ">
         <marc:subfield code="q">333&lt;848</marc:subfield>
         <marc:subfield code="t">Astrophys. J.</marc:subfield>
      </marc:datafield>
      
      <marc:datafield tag="856" ind1=" " ind2=" ">
         <marc:subfield code="u">10.1086/166795</marc:subfield>
      </marc:datafield>
      <marc:datafield tag="856" ind1=" " ind2=" ">
         <marc:subfield code="u">http://dx.doi.org/10.1086/166795</marc:subfield>
      </marc:datafield>
   </marc:record>