
   <marc:record>
      <marc:leader>     nam  22     uu 4500</marc:leader>
      <marc:controlfield tag="008">      |           ||||||||||||||||||||||</marc:controlfield>
      <marc:datafield tag="245" ind1="1" ind2="0">
         <marc:subfield code="a">Hybridization-Based Unquenching of DNA Hairpins on Au Surfaces: Prototypical "Molecular Beacon" Biosensors</marc:subfield>
      </marc:datafield>
      <marc:datafield tag="700" ind1="1" ind2=" ">
         <marc:subfield code="a">Hui Du</marc:subfield>
         <marc:subfield code="e">author</marc:subfield>
      </marc:datafield>
      <marc:datafield tag="700" ind1="1" ind2=" ">
         <marc:subfield code="a">Matthew D. Disney</marc:subfield>
         <marc:subfield code="e">author</marc:subfield>
      </marc:datafield>
      <marc:datafield tag="700" ind1="1" ind2=" ">
         <marc:subfield code="a">Benjamin L. Miller</marc:subfield>
         <marc:subfield code="e">author</marc:subfield>
      </marc:datafield>
      <marc:datafield tag="700" ind1="1" ind2=" ">
         <marc:subfield code="a">Todd D. Krauss</marc:subfield>
         <marc:subfield code="e">author</marc:subfield>
      </marc:datafield>
      
      <marc:datafield tag="655" ind1=" " ind2="7">
         <marc:subfield code="a">journal article</marc:subfield>
      </marc:datafield>
      <marc:datafield tag="655" ind1=" " ind2="7">
         <marc:subfield code="a">article</marc:subfield>
         <marc:subfield code="2">bibtex</marc:subfield>
      </marc:datafield>
      <marc:datafield tag="260" ind1=" " ind2=" "/>
      <marc:datafield tag="520" ind1=" " ind2=" ">
         <marc:subfield code="a">There is a keen interest in developing techniques for rapid genetic analysis that do not require labeling of an analyte. Here we demonstrate that fluorophore-tagged DNA hairpins attached to gold films can function as immobilized "molecular beacons". Two DNA hairpins incorporating portions of the Staphlococcus aureus FemA and mecR methicillin-resistance genes were attached to a gold substrate. Upon exposure to the complement, a  26-fold increase in fluorescence intensity was measured corresponding to a 96 ± 5 quenching efficiency. Studies with nonspecific DNA indicate that DNA hairpins immobilized on a gold surface retain their ability to bind complementary DNA sequences selectively.</marc:subfield>
      </marc:datafield>
      <marc:datafield tag="650" ind1="1" ind2=" ">
         <marc:subfield code="a">methicillin resistance</marc:subfield>
         <marc:subfield code="x">nanoparticles</marc:subfield>
         <marc:subfield code="x">oligonucleotides</marc:subfield>
         <marc:subfield code="x">spectroscopy</marc:subfield>
         <marc:subfield code="x">mismatch</marc:subfield>
         <marc:subfield code="x">probes</marc:subfield>
      </marc:datafield>
      <marc:datafield tag="773" ind1="0" ind2=" ">
         <marc:subfield code="q">125:14&lt;4012</marc:subfield>
         <marc:subfield code="t">J. Am. Chem. Soc.</marc:subfield>
      </marc:datafield>
      
      <marc:datafield tag="856" ind1=" " ind2=" ">
         <marc:subfield code="u">10.1021/ja0290781</marc:subfield>
      </marc:datafield>
      <marc:datafield tag="856" ind1=" " ind2=" ">
         <marc:subfield code="u">http://dx.doi.org/10.1021/ja0290781</marc:subfield>
      </marc:datafield>
   </marc:record>