
   <marc:record>
      <marc:leader>     nam  22     uu 4500</marc:leader>
      <marc:controlfield tag="008">      |           ||||||||||||||||||||||</marc:controlfield>
      <marc:datafield tag="245" ind1="1" ind2="0">
         <marc:subfield code="a">Photobleaching of Fluorescent Dyes under Conditions Used for Single-Molecule Detection: Evidence of Two-Step Photolysis</marc:subfield>
      </marc:datafield>
      <marc:datafield tag="700" ind1="1" ind2=" ">
         <marc:subfield code="a">C. Eggeling</marc:subfield>
         <marc:subfield code="e">author</marc:subfield>
      </marc:datafield>
      <marc:datafield tag="700" ind1="1" ind2=" ">
         <marc:subfield code="a">J. Widengren</marc:subfield>
         <marc:subfield code="e">author</marc:subfield>
      </marc:datafield>
      <marc:datafield tag="700" ind1="1" ind2=" ">
         <marc:subfield code="a">R. Rigler</marc:subfield>
         <marc:subfield code="e">author</marc:subfield>
      </marc:datafield>
      <marc:datafield tag="700" ind1="1" ind2=" ">
         <marc:subfield code="a">C. A. M. Seidel</marc:subfield>
         <marc:subfield code="e">author</marc:subfield>
      </marc:datafield>
      
      <marc:datafield tag="655" ind1=" " ind2="7">
         <marc:subfield code="a">journal article</marc:subfield>
      </marc:datafield>
      <marc:datafield tag="655" ind1=" " ind2="7">
         <marc:subfield code="a">article</marc:subfield>
         <marc:subfield code="2">bibtex</marc:subfield>
      </marc:datafield>
      <marc:datafield tag="260" ind1=" " ind2=" "/>
      <marc:datafield tag="520" ind1=" " ind2=" ">
         <marc:subfield code="a">The photostability of fluorescent dyes is of crucial importance for the statistical accuracy of single-molecule detection (SMD) and for the image quality of scanning confocal microscopy. Concurrent results for the photostability were obtained by two different experimental techniques. First, the photostabilities of several coumarin and rhodamine derivatives in aqueous solution were obtained by monitoring the steady-state fluorescence decay in a quartz cell. Furthermore, an epi-illuminated microscope, continuous wave (CW) excitation at 514.5 nm, and fluorescence correlation spectroscopy (FCS) with a newly developed theory were used to study the photobleaching characteristics of rhodamines under conditions used for SMD. Depending on the rhodamine structure, the probability of photobleaching, pb, is in the order of 10-6-10-7 for irradiances below 103 W/cm2. However, a considerable increase of pb for irradiances above this level was observed which can only be described by photobleaching reactions from higher excited states (two-step photolysis). In view of these observations, the probability of photobleaching, pb, as well as a closed expression of its dependence on the CW excitation irradiance considering a five-level molecular electronic state model with the possibility of photobleaching from higher excited electronic states, is derived. From this model, optimal conditions for SMD with respect to the number of emitted fluorescence photons and to the signal-to-background ratio are discussed, taking into account both saturation and photobleaching. The additional photobleaching due to two-step photolysis limits the applicable irradiance.</marc:subfield>
      </marc:datafield>
      <marc:datafield tag="650" ind1="1" ind2=" ">
         <marc:subfield code="a">correlation spectroscopy</marc:subfield>
         <marc:subfield code="x">aqueous-solution</marc:subfield>
         <marc:subfield code="x">diode-laser</marc:subfield>
         <marc:subfield code="x">identification</marc:subfield>
         <marc:subfield code="x">photochemistry</marc:subfield>
         <marc:subfield code="x">biotechnology</marc:subfield>
         <marc:subfield code="x">fluctuations</marc:subfield>
         <marc:subfield code="x">diffusion</marc:subfield>
         <marc:subfield code="x">probe</marc:subfield>
         <marc:subfield code="x">state</marc:subfield>
      </marc:datafield>
      <marc:datafield tag="773" ind1="0" ind2=" ">
         <marc:subfield code="q">70:13&lt;2651</marc:subfield>
         <marc:subfield code="t">Anal. Chem.</marc:subfield>
      </marc:datafield>
      
      <marc:datafield tag="856" ind1=" " ind2=" ">
         <marc:subfield code="u">10.1021/ac980027p</marc:subfield>
      </marc:datafield>
      <marc:datafield tag="856" ind1=" " ind2=" ">
         <marc:subfield code="u">http://dx.doi.org/10.1021/ac980027p</marc:subfield>
      </marc:datafield>
   </marc:record>