
   <marc:record>
      <marc:leader>     nam  22     uu 4500</marc:leader>
      <marc:controlfield tag="008">      |           ||||||||||||||||||||||</marc:controlfield>
      <marc:datafield tag="245" ind1="1" ind2="0">
         <marc:subfield code="a">Nonradiative lifetime of excited states near a small metal particle</marc:subfield>
      </marc:datafield>
      <marc:datafield tag="700" ind1="1" ind2=" ">
         <marc:subfield code="a">W. Ekardt</marc:subfield>
         <marc:subfield code="e">author</marc:subfield>
      </marc:datafield>
      <marc:datafield tag="700" ind1="1" ind2=" ">
         <marc:subfield code="a">Z. Penzar</marc:subfield>
         <marc:subfield code="e">author</marc:subfield>
      </marc:datafield>
      
      <marc:datafield tag="655" ind1=" " ind2="7">
         <marc:subfield code="a">journal article</marc:subfield>
      </marc:datafield>
      <marc:datafield tag="655" ind1=" " ind2="7">
         <marc:subfield code="a">article</marc:subfield>
         <marc:subfield code="2">bibtex</marc:subfield>
      </marc:datafield>
      <marc:datafield tag="260" ind1=" " ind2=" "/>
      <marc:datafield tag="520" ind1=" " ind2=" ">
         <marc:subfield code="a">The nonradiative lifetime of excited states near a small ( &lt;  2 nm) metal particle is investigated within a purely electromagnetic model. The excited state is described as a point dipole, and the metal particle is characterized by its self-consistently obtained nonlocal density-density correlation function. Resonant coupling, between excited states of adsorbates and various electronic excitations of the metal particle, is shown to be an important lifetime-determining decay channel.</marc:subfield>
      </marc:datafield>
      <marc:datafield tag="773" ind1="0" ind2=" ">
         <marc:subfield code="q">34:12&lt;8444</marc:subfield>
         <marc:subfield code="t">Phys. Rev. B</marc:subfield>
      </marc:datafield>
      
      <marc:datafield tag="856" ind1=" " ind2=" ">
         <marc:subfield code="u">10.1103/PhysRevB.34.8444</marc:subfield>
      </marc:datafield>
      <marc:datafield tag="856" ind1=" " ind2=" ">
         <marc:subfield code="u">http://link.aps.org/abstract/PRB/v34/p8444</marc:subfield>
      </marc:datafield>
      <marc:datafield tag="856" ind1=" " ind2=" ">
         <marc:subfield code="u">http://dx.doi.org/10.1103/PhysRevB.34.8444</marc:subfield>
      </marc:datafield>
   </marc:record>