
   <marc:record>
      <marc:leader>     nam  22     uu 4500</marc:leader>
      <marc:controlfield tag="008">      |           ||||||||||||||||||||||</marc:controlfield>
      <marc:datafield tag="245" ind1="1" ind2="0">
         <marc:subfield code="a">Evanescent Field in Surface Plasmon Resonance and Surface Plasmon Field-Enhanced Fluorescence Spectroscopies</marc:subfield>
      </marc:datafield>
      <marc:datafield tag="700" ind1="1" ind2=" ">
         <marc:subfield code="a">Sanong Ekgasit</marc:subfield>
         <marc:subfield code="e">author</marc:subfield>
      </marc:datafield>
      <marc:datafield tag="700" ind1="1" ind2=" ">
         <marc:subfield code="a">Chuchaat Thammacharoen</marc:subfield>
         <marc:subfield code="e">author</marc:subfield>
      </marc:datafield>
      <marc:datafield tag="700" ind1="1" ind2=" ">
         <marc:subfield code="a">Fang Yu</marc:subfield>
         <marc:subfield code="e">author</marc:subfield>
      </marc:datafield>
      <marc:datafield tag="700" ind1="1" ind2=" ">
         <marc:subfield code="a">Wolfgang Knoll</marc:subfield>
         <marc:subfield code="e">author</marc:subfield>
      </marc:datafield>
      
      <marc:datafield tag="655" ind1=" " ind2="7">
         <marc:subfield code="a">journal article</marc:subfield>
      </marc:datafield>
      <marc:datafield tag="655" ind1=" " ind2="7">
         <marc:subfield code="a">article</marc:subfield>
         <marc:subfield code="2">bibtex</marc:subfield>
      </marc:datafield>
      <marc:datafield tag="260" ind1=" " ind2=" "/>
      <marc:datafield tag="520" ind1=" " ind2=" ">
         <marc:subfield code="a">The highly sensitive nature of surface plasmon resonance (SPR) spectroscopy and surface plasmon field-enhanced fluorescence spectroscopy (SPFS) are governed by the strong surface plasmon resonance-generated evanescent field at the metal/dielectric interface. The greatest evanescent field amplitude at the interface and the maximum attenuation of the reflectance are observed when a nonabsorbing dielectric is employed. An absorbing dielectric decreases the evanescent field enhancement at the interface. The SPR curve of an absorbing dielectric is characterized by a greater reflectance minimum and a broader curve, as compared to those of the nonabsorbing dielectric with the same refractive index. For a weakly absorbing dielectric, such as nanometer-thick surface-confined fluorophores, the absorption is too small to induce a significant change in the SPR curve. However, the presence of a minute amount of the fluorophore can be detected by the highly sensitive SPFS. The angle with the maximum fluorescence intensity of an SPFS curve is always smaller than the resonance angle of the corresponding SPR curve. This discrepancy is due to the differences of evanescent field distributions and their decay characteristics within the metal film and the dielectric medium. The fluorescence intensity in an SPFS curve can be expressed in terms of the evanescent field amplitude. Excellent correlations between the experimentally measured fluorescence intensities and the evanescent field amplitudes are observed.</marc:subfield>
      </marc:datafield>
      <marc:datafield tag="773" ind1="0" ind2=" ">
         <marc:subfield code="q">76:8&lt;2210</marc:subfield>
         <marc:subfield code="t">Anal. Chem.</marc:subfield>
      </marc:datafield>
      
      <marc:datafield tag="856" ind1=" " ind2=" ">
         <marc:subfield code="u">10.1021/ac035326f</marc:subfield>
      </marc:datafield>
      <marc:datafield tag="856" ind1=" " ind2=" ">
         <marc:subfield code="u">http://dx.doi.org/10.1021/ac035326f</marc:subfield>
      </marc:datafield>
   </marc:record>