
   <marc:record>
      <marc:leader>     nam  22     uu 4500</marc:leader>
      <marc:controlfield tag="008">      |           ||||||||||||||||||||||</marc:controlfield>
      <marc:datafield tag="245" ind1="1" ind2="0">
         <marc:subfield code="a">Theoretical study of single molecule fluorescence in a metallic nanocavity</marc:subfield>
      </marc:datafield>
      <marc:datafield tag="700" ind1="1" ind2=" ">
         <marc:subfield code="a">Jörg Enderlein</marc:subfield>
         <marc:subfield code="e">author</marc:subfield>
      </marc:datafield>
      
      <marc:datafield tag="655" ind1=" " ind2="7">
         <marc:subfield code="a">journal article</marc:subfield>
      </marc:datafield>
      <marc:datafield tag="655" ind1=" " ind2="7">
         <marc:subfield code="a">article</marc:subfield>
         <marc:subfield code="2">bibtex</marc:subfield>
      </marc:datafield>
      <marc:datafield tag="260" ind1=" " ind2=" "/>
      <marc:datafield tag="520" ind1=" " ind2=" ">
         <marc:subfield code="a">A theoretical study is presented on the fluorescence excitation and emission of a molecule embedded within a nanometric metal-coated dielectric bead. It occurs that, for favorable values of bead radius and metal layer thickness, photostability of the molecule is improved significantly, due to a dramatic decrease of the fluorescence lifetime caused by the strong electromagnetic interaction between the emitting molecule and the metal layer. Moreover, the metal shell enhances the exciting electric field intensity leading to an increase in fluorescence brightness by more than one order of magnitude.</marc:subfield>
      </marc:datafield>
      <marc:datafield tag="650" ind1="1" ind2=" ">
         <marc:subfield code="a">mesoscopic systems</marc:subfield>
         <marc:subfield code="x">metals</marc:subfield>
         <marc:subfield code="x">nanostructured materials</marc:subfield>
         <marc:subfield code="x">fluorescence</marc:subfield>
         <marc:subfield code="x">radiative lifetimes</marc:subfield>
         <marc:subfield code="x">brightness</marc:subfield>
         <marc:subfield code="x">spectral line intensity</marc:subfield>
      </marc:datafield>
      <marc:datafield tag="773" ind1="0" ind2=" ">
         <marc:subfield code="q">80:2&lt;315</marc:subfield>
         <marc:subfield code="t">Appl. Phys. Lett.</marc:subfield>
      </marc:datafield>
      
      <marc:datafield tag="856" ind1=" " ind2=" ">
         <marc:subfield code="u">10.1063/1.1434314</marc:subfield>
      </marc:datafield>
      <marc:datafield tag="856" ind1=" " ind2=" ">
         <marc:subfield code="u">http://dx.doi.org/10.1063/1.1434314</marc:subfield>
      </marc:datafield>
   </marc:record>