
   <marc:record>
      <marc:leader>     nam  22     uu 4500</marc:leader>
      <marc:controlfield tag="008">      |           ||||||||||||||||||||||</marc:controlfield>
      <marc:datafield tag="245" ind1="1" ind2="0">
         <marc:subfield code="a">{R}aman spectroscopic studies of the anhydrous complexes of avidin and streptavidin with biotin</marc:subfield>
      </marc:datafield>
      <marc:datafield tag="700" ind1="1" ind2=" ">
         <marc:subfield code="a">C. Fagnano</marc:subfield>
         <marc:subfield code="e">author</marc:subfield>
      </marc:datafield>
      <marc:datafield tag="700" ind1="1" ind2=" ">
         <marc:subfield code="a">A. Torreggiani</marc:subfield>
         <marc:subfield code="e">author</marc:subfield>
      </marc:datafield>
      <marc:datafield tag="700" ind1="1" ind2=" ">
         <marc:subfield code="a">G. Fini</marc:subfield>
         <marc:subfield code="e">author</marc:subfield>
      </marc:datafield>
      
      <marc:datafield tag="655" ind1=" " ind2="7">
         <marc:subfield code="a">journal article</marc:subfield>
      </marc:datafield>
      <marc:datafield tag="655" ind1=" " ind2="7">
         <marc:subfield code="a">article</marc:subfield>
         <marc:subfield code="2">bibtex</marc:subfield>
      </marc:datafield>
      <marc:datafield tag="260" ind1=" " ind2=" "/>
      <marc:datafield tag="520" ind1=" " ind2=" ">
         <marc:subfield code="a">FT Raman spectra of avidin, streptavidin, and of the two anhydrous biotin complexes were obtained by excitation in near infrared (NIR). As far as avidin and the avidin-biotin complex are concerned, the excitation in NIR did not change the main features of the spectra compared with those previously obtained by visible excitation. However, the intensity of Trp bands did not change due to the formation of the complex when excited by NIR excitation, whereas an intensity increase was observed by 514 nm excitation. The percentages of secondary structure of the two proteins and the biotin complexes were obtained from the Raman spectra. The vibrational results indicate that as a consequence of the interaction with biotin, the percentages of &amp;bgr;-sheet conformation of the proteins decrease whereas the percentages of &amp;agr;-helix conformation increase. The observed changes of the conformation of streptavidin induced by biotin interaction are comparable with those obtained with avidin; this fact confirms that the type of the binding should be similar for the two molecules. Moreover, as a result of the biotin binding, the hydrophobicity of the environment of the Trp residues of streptavidin slightly increases according to the increase in intensity of the 1360 cm-1 component. This result could suggest that the streptavidin-biotin complex is stabilized mainly by hydrophobic interactions. © 1996 John Wiley &amp; Sons, Inc.</marc:subfield>
      </marc:datafield>
      <marc:datafield tag="773" ind1="0" ind2=" ">
         <marc:subfield code="q">2:4&lt;225</marc:subfield>
         <marc:subfield code="t">Biospectroscopy</marc:subfield>
      </marc:datafield>
      
      <marc:datafield tag="856" ind1=" " ind2=" ">
         <marc:subfield code="u">10.1002/(SICI)1520-6343(1996)2:4&lt;225::AID-BSPY3&gt;3.0. CO;2-5</marc:subfield>
      </marc:datafield>
      <marc:datafield tag="856" ind1=" " ind2=" ">
         <marc:subfield code="u">http://dx.doi.org/10.1002/(SICI)1520-6343(1996)2:4&lt;225::AID-BSPY3&gt;3.0. CO;2-5</marc:subfield>
      </marc:datafield>
   </marc:record>