
   <marc:record>
      <marc:leader>     nam  22     uu 4500</marc:leader>
      <marc:controlfield tag="008">      |           ||||||||||||||||||||||</marc:controlfield>
      <marc:datafield tag="245" ind1="1" ind2="0">
         <marc:subfield code="a">Electromagnetic effects on a molecule at a metal surface. I. Effects of nonlocality and finite molecular size</marc:subfield>
      </marc:datafield>
      <marc:datafield tag="700" ind1="1" ind2=" ">
         <marc:subfield code="a">G. W. Ford</marc:subfield>
         <marc:subfield code="e">author</marc:subfield>
      </marc:datafield>
      <marc:datafield tag="700" ind1="1" ind2=" ">
         <marc:subfield code="a">W. H. Weber</marc:subfield>
         <marc:subfield code="e">author</marc:subfield>
      </marc:datafield>
      
      <marc:datafield tag="655" ind1=" " ind2="7">
         <marc:subfield code="a">journal article</marc:subfield>
      </marc:datafield>
      <marc:datafield tag="655" ind1=" " ind2="7">
         <marc:subfield code="a">article</marc:subfield>
         <marc:subfield code="2">bibtex</marc:subfield>
      </marc:datafield>
      <marc:datafield tag="260" ind1=" " ind2=" "/>
      <marc:datafield tag="520" ind1=" " ind2=" ">
         <marc:subfield code="a">The electromagnetic effects on a molecule near a metal surface are considered with the view to understanding the surface-enhanced-Raman-scattering (SERS) effect. The image enhancement effect is calculated including the nonlocal response of the metal and finite molecular size. The effect is much reduced (× 10^?5) from that for a point molecule above a local metal but can still give a gain ? 10^3. The power emitted by a dipole above a smooth surface is also calculated. For an Ag surface the power emitted in the form of photons, surface plasmons, and electron-hole excitations are found to be in the ratio 1 : 3 : 10^6. The numerical results are calculated using the semi-classical infinite-barrier model of the metal surface with a Lindhard dielectric function modified to take into account finite electron lifetime and core polarization.</marc:subfield>
      </marc:datafield>
      <marc:datafield tag="650" ind1="1" ind2=" ">
         <marc:subfield code="a">Lindhard-Mermin</marc:subfield>
         <marc:subfield code="x">dielectric function</marc:subfield>
      </marc:datafield>
      <marc:datafield tag="773" ind1="0" ind2=" ">
         <marc:subfield code="q">109:2&lt;451</marc:subfield>
         <marc:subfield code="t">Surf. Sci.</marc:subfield>
      </marc:datafield>
      
      <marc:datafield tag="856" ind1=" " ind2=" ">
         <marc:subfield code="u">10.1016/0039-6028(81)90500-8</marc:subfield>
      </marc:datafield>
      <marc:datafield tag="856" ind1=" " ind2=" ">
         <marc:subfield code="u">http://dx.doi.org/10.1016/0039-6028(81)90500-8</marc:subfield>
      </marc:datafield>
   </marc:record>