
   <marc:record>
      <marc:leader>     nam  22     uu 4500</marc:leader>
      <marc:controlfield tag="008">      |           ||||||||||||||||||||||</marc:controlfield>
      <marc:datafield tag="245" ind1="1" ind2="0">
         <marc:subfield code="a">Luminescence Studies of Gold(I) Thiolate Complexes</marc:subfield>
      </marc:datafield>
      <marc:datafield tag="700" ind1="1" ind2=" ">
         <marc:subfield code="a">Jennifer M. Forward</marc:subfield>
         <marc:subfield code="e">author</marc:subfield>
      </marc:datafield>
      <marc:datafield tag="700" ind1="1" ind2=" ">
         <marc:subfield code="a">David Bohmann</marc:subfield>
         <marc:subfield code="e">author</marc:subfield>
      </marc:datafield>
      <marc:datafield tag="700" ind1="1" ind2=" ">
         <marc:subfield code="a">Jr. John P. Fackler</marc:subfield>
         <marc:subfield code="c">John P.</marc:subfield>
         <marc:subfield code="e">author</marc:subfield>
      </marc:datafield>
      <marc:datafield tag="700" ind1="1" ind2=" ">
         <marc:subfield code="a">Richard J. Staples</marc:subfield>
         <marc:subfield code="e">author</marc:subfield>
      </marc:datafield>
      
      <marc:datafield tag="655" ind1=" " ind2="7">
         <marc:subfield code="a">journal article</marc:subfield>
      </marc:datafield>
      <marc:datafield tag="655" ind1=" " ind2="7">
         <marc:subfield code="a">article</marc:subfield>
         <marc:subfield code="2">bibtex</marc:subfield>
      </marc:datafield>
      <marc:datafield tag="260" ind1=" " ind2=" "/>
      <marc:datafield tag="520" ind1=" " ind2=" ">
         <marc:subfield code="a">(ocr from scanned text) A series of monomeric gold(E) complexes containing phosphine and thiolate ligands have been synthesized. The two phospines used were _'phenylphosp_ne _d the l,3,5-_aza-7-phosphad__t_eN'ylp_sphine (TPA). Substi_ted benzene_'olate ligands were used wi_ the substituent in ei_er _e ortho, meta or par8 position. A of _e compounds synthesized luminesce at 77 K in the solid state, wheR _e excitaU'on is assigned to a lig_d to met_ ch_ge __sfer (LMCT) __sition mom the sul_ of _e _iolate ligand to _e gold cencer. The l_ge Stokes 8_s and long lifeU'mes mg_ed imply U8t _e emission is phosphoR_ence. The posiU'on of _e e_ssion maxi_ c_ be _ected by bo_ the substihent8 on the _ola_ ligand and the pRsence ofgold-gold inte_ctions becween neighbojQg molecWes in _e solid state. Po? ofthese compounds h8ve been s_c_rally ch_actejzed. Com_ound 3 cys_lizes in the N'clinic space _oup Pý (No. 2) with cell cons_cs a = 8.641(2) _, b = 11.423- (2) _, c = 12.l 18(2) A, a = 103.36(3)O, 8 = 99.34(3)O, y = 105.95(3)O, _d Z = 2. RefQement or 286l _nec_'ons _d 253 p_ameters yields R = O.0275 and Rw = O.0669. Compound 4 cyst_li_s in the o_horhombic sp8ce _oup P21212_ (No. 18) wi_ cell const_ts a = 6.310O(10) A, b = 12.127(3) A, c = 18.193(3) A, _d Z - 4. Refinement of lt3l renections and 163 p_ameters yields R = O.0292 and Rw = O.036O. Compound 5 cystallizes in che monocli_c space _oup R_ln (No. 13) wi_ cell constant8 a = 12.252(3) A, b = 17. OO2(6) A, c = 22.845(Q) A, = 91.25(2)O, _d Z = 12. Refinement of 5534 renections and 5Ql p__eters yields R = O.0698 _d Rw = O.0786. Compound 10 qstallizes in the monoclinic sp$ce group C2lc (No. 15) wi_ cgll const_ts a = l7.542(5) A, b = 18.831(6) A, c = l l.647(4) A, = 1 19.52(2)O, and Z = 8. Refinemenc of 22o7 _nections and 181 p_ameten yields R = O.0327 and Rw = O._l.</marc:subfield>
      </marc:datafield>
      <marc:datafield tag="773" ind1="0" ind2=" ">
         <marc:subfield code="q">34:25&lt;6330</marc:subfield>
         <marc:subfield code="t">Inorg. Chem.</marc:subfield>
      </marc:datafield>
      
      <marc:datafield tag="856" ind1=" " ind2=" ">
         <marc:subfield code="u">http://tinyurl.com/m3flo</marc:subfield>
      </marc:datafield>
   </marc:record>