
   <marc:record>
      <marc:leader>     nam  22     uu 4500</marc:leader>
      <marc:controlfield tag="008">      |           ||||||||||||||||||||||</marc:controlfield>
      <marc:datafield tag="245" ind1="1" ind2="0">
         <marc:subfield code="a">Optical Properties of Dye Molecules Adsorbed on Single Gold and Silver Nanoparticles</marc:subfield>
      </marc:datafield>
      <marc:datafield tag="700" ind1="1" ind2=" ">
         <marc:subfield code="a">Stefan Franzen</marc:subfield>
         <marc:subfield code="e">author</marc:subfield>
      </marc:datafield>
      <marc:datafield tag="700" ind1="1" ind2=" ">
         <marc:subfield code="a">Jacob C. W. Folmer</marc:subfield>
         <marc:subfield code="e">author</marc:subfield>
      </marc:datafield>
      <marc:datafield tag="700" ind1="1" ind2=" ">
         <marc:subfield code="a">Wilhelm R. Glomm</marc:subfield>
         <marc:subfield code="e">author</marc:subfield>
      </marc:datafield>
      <marc:datafield tag="700" ind1="1" ind2=" ">
         <marc:subfield code="a">Ryan O'Neal</marc:subfield>
         <marc:subfield code="e">author</marc:subfield>
      </marc:datafield>
      
      <marc:datafield tag="655" ind1=" " ind2="7">
         <marc:subfield code="a">journal article</marc:subfield>
      </marc:datafield>
      <marc:datafield tag="655" ind1=" " ind2="7">
         <marc:subfield code="a">article</marc:subfield>
         <marc:subfield code="2">bibtex</marc:subfield>
      </marc:datafield>
      <marc:datafield tag="260" ind1=" " ind2=" "/>
      <marc:datafield tag="520" ind1=" " ind2=" ">
         <marc:subfield code="a">Despite the well-known relationship between the resonance Raman excitation profile and the absorption line shape, there is scant experimental evidence for effects in absorption or fluorescence spectroscopy related to the observations of surface-enhanced Raman scattering (SERS). On the other hand, numerous Raman studies have been done on the SERS phenomenon, where large enhancement factors have been determined. In this work, the absorption properties of molecules adsorbed on single gold and silver nanoparticles (monomers) have been investigated, with particular emphasis on an examination of the effect on the spectrum of the adsorbate. A number of the adsorbates studied are similar to those reported in SERS studies. The adsorbates can be divided into two classes according to the nature of the interaction with the adsorbent. Class I shows little change in the absorption spectrum. Class II shows a large reduction in absorption. The only examples of an increase in absorption arise from solvatochromic effects. The implication of these observations for the mechanism of SERS is discussed.</marc:subfield>
      </marc:datafield>
      <marc:datafield tag="773" ind1="0" ind2=" ">
         <marc:subfield code="q">106:28&lt;6533</marc:subfield>
         <marc:subfield code="t">J. Phys. Chem. A</marc:subfield>
      </marc:datafield>
      
      <marc:datafield tag="856" ind1=" " ind2=" ">
         <marc:subfield code="u">10.1021/jp025536g</marc:subfield>
      </marc:datafield>
      <marc:datafield tag="856" ind1=" " ind2=" ">
         <marc:subfield code="u">http://dx.doi.org/10.1021/jp025536g</marc:subfield>
      </marc:datafield>
   </marc:record>