
   <marc:record>
      <marc:leader>     nam  22     uu 4500</marc:leader>
      <marc:controlfield tag="008">      |           ||||||||||||||||||||||</marc:controlfield>
      <marc:datafield tag="245" ind1="1" ind2="0">
         <marc:subfield code="a">Structural studies of binding site tryptophan mutants in the high-affinity streptavidin-biotin complex</marc:subfield>
      </marc:datafield>
      <marc:datafield tag="700" ind1="1" ind2=" ">
         <marc:subfield code="a">Stefanie Freitag</marc:subfield>
         <marc:subfield code="e">author</marc:subfield>
      </marc:datafield>
      <marc:datafield tag="700" ind1="1" ind2=" ">
         <marc:subfield code="a">Isolde Le Trong</marc:subfield>
         <marc:subfield code="e">author</marc:subfield>
      </marc:datafield>
      <marc:datafield tag="700" ind1="1" ind2=" ">
         <marc:subfield code="a">Ashutosh Chilkoti</marc:subfield>
         <marc:subfield code="e">author</marc:subfield>
      </marc:datafield>
      <marc:datafield tag="700" ind1="1" ind2=" ">
         <marc:subfield code="a">Lisa A. Klumb</marc:subfield>
         <marc:subfield code="e">author</marc:subfield>
      </marc:datafield>
      <marc:datafield tag="700" ind1="1" ind2=" ">
         <marc:subfield code="a">Patrick S. Stayton</marc:subfield>
         <marc:subfield code="e">author</marc:subfield>
      </marc:datafield>
      <marc:datafield tag="700" ind1="1" ind2=" ">
         <marc:subfield code="a">Ronald E. Stenkamp</marc:subfield>
         <marc:subfield code="e">author</marc:subfield>
      </marc:datafield>
      
      <marc:datafield tag="655" ind1=" " ind2="7">
         <marc:subfield code="a">journal article</marc:subfield>
      </marc:datafield>
      <marc:datafield tag="655" ind1=" " ind2="7">
         <marc:subfield code="a">article</marc:subfield>
         <marc:subfield code="2">bibtex</marc:subfield>
      </marc:datafield>
      <marc:datafield tag="260" ind1=" " ind2=" "/>
      <marc:datafield tag="520" ind1=" " ind2=" ">
         <marc:subfield code="a">Previous thermodynamic and computational studies have pointed to the important energetic role of aromatic contacts in generating the exceptional binding free energy of streptavidin-biotin association. We report here the crystallographic characterization of single site tryptophan mutants in investigating structural consequences of alterations in these aromatic contacts. Four tryptophan residues, Trp79, Trp92, Trp108 and Trp120, play an important role in the hydrophobic binding contributions, which along with a hydrogen bonding network and a flexible binding loop give rise to tight ligand binding (Ka 1013M-1). The crystal structures of ligand-free and biotin-bound mutants, W79F, W108F, W120F and W120A, in the resolution range from 1.9 to 2.3 A were determined. Nine data sets for these four different mutants were collected, and structural models were refined to R-values ranging from 0.15 to 0.20. The major question addressed here is how these mutations influence the streptavidin binding site and in particular how they affect the binding mode of biotin in the complex. The overall folding of streptavidin was not significantly altered in any of the tryptophan mutants. With one exception, only minor deviations in the unbound structures were observed. In one crystal form of unbound W79F, there is a coupled shift in the side-chains of Phe29 and Tyr43 toward the mutation site, although in a different crystal form these shifts are not observed. In the bound structures, the orientation of biotin in the binding pocket was not significantly altered in the mutant complex. Compared with the wild-type streptavidin-biotin complex, there were no additional crystallographic water molecules observed for any of the mutants in the binding pocket. These structural studies thus suggest that the thermodynamic alterations can be attributed to the local alterations in binding residue composition, rather than a rearrangement of binding site architectures.</marc:subfield>
      </marc:datafield>
      <marc:datafield tag="650" ind1="1" ind2=" ">
         <marc:subfield code="a">molecular recognition</marc:subfield>
         <marc:subfield code="x">streptavidin</marc:subfield>
         <marc:subfield code="x">biotin</marc:subfield>
         <marc:subfield code="x">protein-ligand interactions</marc:subfield>
         <marc:subfield code="x">X-ray structure</marc:subfield>
      </marc:datafield>
      <marc:datafield tag="773" ind1="0" ind2=" ">
         <marc:subfield code="q">279:1&lt;211</marc:subfield>
         <marc:subfield code="t">J. Mol. Biol.</marc:subfield>
      </marc:datafield>
      
      <marc:datafield tag="856" ind1=" " ind2=" ">
         <marc:subfield code="u">10.1006/jmbi.1998.1735</marc:subfield>
      </marc:datafield>
      <marc:datafield tag="856" ind1=" " ind2=" ">
         <marc:subfield code="u">http://www.sciencedirect.com/science/article/B6WK7-45S49J8-C1/2/4964642716dc4a0aa42849f6ea035b84</marc:subfield>
      </marc:datafield>
      <marc:datafield tag="856" ind1=" " ind2=" ">
         <marc:subfield code="u">http://dx.doi.org/10.1006/jmbi.1998.1735</marc:subfield>
      </marc:datafield>
   </marc:record>