
   <marc:record>
      <marc:leader>     nam  22     uu 4500</marc:leader>
      <marc:controlfield tag="008">      |           ||||||||||||||||||||||</marc:controlfield>
      <marc:datafield tag="245" ind1="1" ind2="0">
         <marc:subfield code="a">Controlled nucleation for the regulation of the particle size in monodisperse gold suspensions</marc:subfield>
      </marc:datafield>
      <marc:datafield tag="700" ind1="1" ind2=" ">
         <marc:subfield code="a">G. Frens</marc:subfield>
         <marc:subfield code="e">author</marc:subfield>
      </marc:datafield>
      
      <marc:datafield tag="655" ind1=" " ind2="7">
         <marc:subfield code="a">journal article</marc:subfield>
      </marc:datafield>
      <marc:datafield tag="655" ind1=" " ind2="7">
         <marc:subfield code="a">article</marc:subfield>
         <marc:subfield code="2">bibtex</marc:subfield>
      </marc:datafield>
      <marc:datafield tag="260" ind1=" " ind2=" "/>
      <marc:datafield tag="520" ind1=" " ind2=" ">
         <marc:subfield code="a">A series of monodisperse colloidal Au aqueous suspensions, each containing spherical Au particles with a characteristic diameter (d), were prepared by heating 50 ml of aqueous HAuCl4 (10-2%) to boiling, adding varying amts. (c) of aqueous Na3 citrate (1%) to the boiling solution, and then boiling the resulting solution until the reduction of HAuCl4 was complete (30 min). During the reaction, the solns. 1st turned faintly blue in color after tb sec when nucleation occurred, and, after tr sec, the color suddenly changed again when the monodisperse sol particles were formed. The values of c (in ml), d (in {\AA}), tb (in sec), and tr (in sec) resp., for several of the monodisperse Au sols. were: orange sol, 1.00, 160, 25, 145; red sol, 0.50, 410, 25, 70; dark red sol, 0.30, 715, 40, 140; violet sol, 0.16, 1470, 80, 850. The resulting d values were determined by the number of nuclei over which the available Au was divided; the d value was not a result of the reduction of a different percentage of the available Au with different citrate concns.</marc:subfield>
      </marc:datafield>
      <marc:datafield tag="773" ind1="0" ind2=" ">
         <marc:subfield code="q">241:105&lt;20</marc:subfield>
         <marc:subfield code="t">Nature Phys. Sci.</marc:subfield>
      </marc:datafield>
      
   </marc:record>