
   <marc:record>
      <marc:leader>     nam  22     uu 4500</marc:leader>
      <marc:controlfield tag="008">      s1996       ||||| ||||||||||||||||</marc:controlfield>
      <marc:datafield tag="245" ind1="1" ind2="0">
         <marc:subfield code="a">Interaction of deamidated soluble wheat protein (SWP) with other food proteins and metals</marc:subfield>
      </marc:datafield>
      <marc:datafield tag="700" ind1="1" ind2=" ">
         <marc:subfield code="a">Georges-Louis Friedli</marc:subfield>
         <marc:subfield code="e">author</marc:subfield>
         <marc:subfield code="u">University of Surrey</marc:subfield>
      </marc:datafield>
      <marc:datafield tag="710" ind1="2" ind2=" ">
         <marc:subfield code="a"/>
         <marc:subfield code="e">Originator</marc:subfield>
      </marc:datafield>
      
      <marc:datafield tag="655" ind1=" " ind2="7">
         <marc:subfield code="a">phdthesis</marc:subfield>
         <marc:subfield code="2">bibtex</marc:subfield>
      </marc:datafield>
      <marc:datafield tag="655" ind1=" " ind2="7">
         <marc:subfield code="a">theses</marc:subfield>
         <marc:subfield code="2">marcgt</marc:subfield>
      </marc:datafield>
      <marc:datafield tag="655" ind1=" " ind2="7">
         <marc:subfield code="a">thesis</marc:subfield>
         <marc:subfield code="2">marcgt</marc:subfield>
      </marc:datafield>
      <marc:datafield tag="260" ind1=" " ind2=" ">
         <marc:subfield code="b">University of Surrey</marc:subfield>
         <marc:subfield code="c">1996</marc:subfield>
      </marc:datafield>
      
         
      
      
      <marc:datafield tag="856" ind1=" " ind2=" ">
         <marc:subfield code="u">http://www.friedli.com/research/PhD/chapter5a.html\#bsa1</marc:subfield>
      </marc:datafield>
   </marc:record>