
   <marc:record>
      <marc:leader>     nam  22     uu 4500</marc:leader>
      <marc:controlfield tag="008">      |           ||||||||||||||||||||||</marc:controlfield>
      <marc:datafield tag="245" ind1="1" ind2="0">
         <marc:subfield code="a">Optical resonances and two-sphere systems</marc:subfield>
      </marc:datafield>
      <marc:datafield tag="700" ind1="1" ind2=" ">
         <marc:subfield code="a">Kirk A. Fuller</marc:subfield>
         <marc:subfield code="e">author</marc:subfield>
      </marc:datafield>
      
      <marc:datafield tag="655" ind1=" " ind2="7">
         <marc:subfield code="a">journal article</marc:subfield>
      </marc:datafield>
      <marc:datafield tag="655" ind1=" " ind2="7">
         <marc:subfield code="a">article</marc:subfield>
         <marc:subfield code="2">bibtex</marc:subfield>
      </marc:datafield>
      <marc:datafield tag="260" ind1=" " ind2=" "/>
      <marc:datafield tag="520" ind1=" " ind2=" ">
         <marc:subfield code="a">After a historical review of previous research into cooperative scattering, a theoretical investigation of the effects of interparticle coupling on morphology-dependent resonances of spheres is conducted. Bispheres composed of identical, slightly dissimilar, and very different monomers are considered. Calculations are presented of resonance spectra for selected orientations of the bispheres relative to the incident wave vector along with spectra that should prove useful in describing the scattering properties of a monodisperse ensemble of randomly oriented bispheres. (The bispheres in this dispersion may be constituted from dissimilar monomers.) Normalized source functions for regions inside and near the scatterers are also provided. Finally a numerical simulation of an interesting experiment is carried out in which a resonating aerosol passes through the focal volume of a relatively large, spherical microlens.</marc:subfield>
      </marc:datafield>
      <marc:datafield tag="773" ind1="0" ind2=" ">
         <marc:subfield code="q">30:33&lt;4716</marc:subfield>
         <marc:subfield code="t">Appl. Opt.</marc:subfield>
      </marc:datafield>
      
      <marc:datafield tag="856" ind1=" " ind2=" ">
         <marc:subfield code="u">http://www.opticsinfobase.org/abstract.cfm?URI=ao-30-33-4716</marc:subfield>
      </marc:datafield>
   </marc:record>