
   <marc:record>
      <marc:leader>     nam  22     uu 4500</marc:leader>
      <marc:controlfield tag="008">      |           ||||||||||||||||||||||</marc:controlfield>
      <marc:datafield tag="245" ind1="1" ind2="0">
         <marc:subfield code="a">Single molecule sensitivity in SERS: importance of junction of adjacent Ag nanoparticles</marc:subfield>
      </marc:datafield>
      <marc:datafield tag="700" ind1="1" ind2=" ">
         <marc:subfield code="a">Masayuki Futamata</marc:subfield>
         <marc:subfield code="e">author</marc:subfield>
      </marc:datafield>
      
      <marc:datafield tag="655" ind1=" " ind2="7">
         <marc:subfield code="a">journal article</marc:subfield>
      </marc:datafield>
      <marc:datafield tag="655" ind1=" " ind2="7">
         <marc:subfield code="a">article</marc:subfield>
         <marc:subfield code="2">bibtex</marc:subfield>
      </marc:datafield>
      <marc:datafield tag="260" ind1=" " ind2=" "/>
      <marc:datafield tag="520" ind1=" " ind2=" ">
         <marc:subfield code="a">An enormous SERS (Surface Enhanced Raman Scattering) signal from dye and adenine on hot or blinking silver nanoparticles is extinguished by duration of measurement possibly due to thermal diffusion or desorption of adsorbed molecules. Simultaneously, the elastic scattering peak at ca. 630 nm disappears. The Three-dimensional Finite Difference Time Domain (FDTD-3D) method manifests this scattering peak as originating from enhanced coupling of localized surface plasmon (LSP) on adjacent Ag particles through absorption of adspecies located at their junction. Distinct emission peaks were observed at 550-600 nm and 600-750 nm. Based on the spectral variations for different surface coverage and for different dye species, the shorter and longer wavelength peaks were attributed to excited electrons on metal, and from fluorescence of molecules, respectively. Furthermore, we found the shorter wavelength peak shows invariant Stokes shift irrespective of excitation wavelengths, indicating it arises from inelastic scattering of excited electron by surface roughness or by adsorbed molecules.</marc:subfield>
      </marc:datafield>
      <marc:datafield tag="773" ind1="0" ind2=" ">
         <marc:subfield code="q">132&lt;45</marc:subfield>
         <marc:subfield code="t">Faraday Discuss.</marc:subfield>
      </marc:datafield>
      
      <marc:datafield tag="856" ind1=" " ind2=" ">
         <marc:subfield code="u">10.1039/b506406f</marc:subfield>
      </marc:datafield>
      <marc:datafield tag="856" ind1=" " ind2=" ">
         <marc:subfield code="u">http://dx.doi.org/10.1039/b506406f</marc:subfield>
      </marc:datafield>
   </marc:record>