
   <marc:record>
      <marc:leader>     nam  22     uu 4500</marc:leader>
      <marc:controlfield tag="008">      |           ||||||||||||||||||||||</marc:controlfield>
      <marc:datafield tag="245" ind1="1" ind2="0">
         <marc:subfield code="a">Adsorbed sites of individual molecules on Ag nanoparticles in single molecule sensitivity-surface-enhanced Raman scattering</marc:subfield>
      </marc:datafield>
      <marc:datafield tag="700" ind1="1" ind2=" ">
         <marc:subfield code="a">M. Futamata</marc:subfield>
         <marc:subfield code="e">author</marc:subfield>
      </marc:datafield>
      <marc:datafield tag="700" ind1="1" ind2=" ">
         <marc:subfield code="a">F. Maruyama</marc:subfield>
         <marc:subfield code="e">author</marc:subfield>
      </marc:datafield>
      <marc:datafield tag="700" ind1="1" ind2=" ">
         <marc:subfield code="a">M. Ishikawa</marc:subfield>
         <marc:subfield code="e">author</marc:subfield>
      </marc:datafield>
      
      <marc:datafield tag="655" ind1=" " ind2="7">
         <marc:subfield code="a">journal article</marc:subfield>
      </marc:datafield>
      <marc:datafield tag="655" ind1=" " ind2="7">
         <marc:subfield code="a">article</marc:subfield>
         <marc:subfield code="2">bibtex</marc:subfield>
      </marc:datafield>
      <marc:datafield tag="260" ind1=" " ind2=" "/>
      <marc:datafield tag="520" ind1=" " ind2=" ">
         <marc:subfield code="a">The blinking of surface-enhanced Raman scattering (SERS) signal was observed for Ag touching particles with an extremely small number of molecules progressively extinguished in 10-30 min probably because of thermal diffusion to marginal sites from the junction or complete desorption of adsorbates. Interestingly, we found a significant change in elastic scattering spectra observed with a white light source during the inactivation process of SERS. Furthermore, it turned out exploiting numerical simulations for the local electric field and scattering spectra that such spectral changes result from the distinct electromagnetic coupling between the localized surface plasmon (LSP) and absorption of dye according to the on/off features of SERS activity. This is induced by thermal diffusion of individual molecules in and out of the junctions in accordance with the experimental observations on the vast enhancement in SERS. Thus, the critical importance of the junctions of Ag particles was confirmed concerning the origin of the blinking and mechanism of the enormous enhancement in SERS.</marc:subfield>
      </marc:datafield>
      <marc:datafield tag="773" ind1="0" ind2=" ">
         <marc:subfield code="q">108:35&lt;13119</marc:subfield>
         <marc:subfield code="t">J. Phys. Chem. B</marc:subfield>
      </marc:datafield>
      
      <marc:datafield tag="856" ind1=" " ind2=" ">
         <marc:subfield code="u">10.1021/jp049966d</marc:subfield>
      </marc:datafield>
      <marc:datafield tag="856" ind1=" " ind2=" ">
         <marc:subfield code="u">http://dx.doi.org/10.1021/jp049966d</marc:subfield>
      </marc:datafield>
   </marc:record>