
   <marc:record>
      <marc:leader>     nam  22     uu 4500</marc:leader>
      <marc:controlfield tag="008">      |           ||||||||||||||||||||||</marc:controlfield>
      <marc:datafield tag="245" ind1="1" ind2="0">
         <marc:subfield code="a">Metal-dielectric composite filters with controlled spectral windows of transparency.</marc:subfield>
      </marc:datafield>
      <marc:datafield tag="700" ind1="1" ind2=" ">
         <marc:subfield code="a">Dentcho A. Genov</marc:subfield>
         <marc:subfield code="e">author</marc:subfield>
      </marc:datafield>
      <marc:datafield tag="700" ind1="1" ind2=" ">
         <marc:subfield code="a">Andrey K. Sarychev</marc:subfield>
         <marc:subfield code="e">author</marc:subfield>
      </marc:datafield>
      <marc:datafield tag="700" ind1="1" ind2=" ">
         <marc:subfield code="a">Vladimir M. Shalaev</marc:subfield>
         <marc:subfield code="e">author</marc:subfield>
      </marc:datafield>
      
      <marc:datafield tag="655" ind1=" " ind2="7">
         <marc:subfield code="a">journal article</marc:subfield>
      </marc:datafield>
      <marc:datafield tag="655" ind1=" " ind2="7">
         <marc:subfield code="a">article</marc:subfield>
         <marc:subfield code="2">bibtex</marc:subfield>
      </marc:datafield>
      <marc:datafield tag="260" ind1=" " ind2=" "/>
      <marc:datafield tag="520" ind1=" " ind2=" ">
         <marc:subfield code="a">In this report we show the possibility of broadband low-pass filters with windows of transparency in pre-set spectral ranges. Those filters are based on the unique optical properties of metal-dielectric composites near the percolation threshold. In such composites, metal clusters of different sizes and shapes have different plasmon resonances and resonate nearly independently at different wavelengths. All together, the resonant plasmon modes cover a very broad spectral range. Applying the effect of spectrally selective photo-modification, we develop a procedure that creates mid-infrared windows of transparency within the broadband filters. We also investigate the possibilities of making low-pass filters composed of spheroids and conductive sticks with certain distributions of aspect ratios.</marc:subfield>
      </marc:datafield>
      <marc:datafield tag="650" ind1="1" ind2=" ">
         <marc:subfield code="a">PHYSICAL sciences</marc:subfield>
         <marc:subfield code="x">SURFACE plasmon resonance</marc:subfield>
         <marc:subfield code="x">OPTICAL properties</marc:subfield>
         <marc:subfield code="x">Photomodification</marc:subfield>
         <marc:subfield code="x">absorption</marc:subfield>
         <marc:subfield code="x">semi-continuous films</marc:subfield>
      </marc:datafield>
      <marc:datafield tag="773" ind1="0" ind2=" ">
         <marc:subfield code="q">12:4&lt;419</marc:subfield>
         <marc:subfield code="t">J. Nonlinear Opt. Phys. Mater.</marc:subfield>
         <marc:subfield code="x">02188635</marc:subfield>
      </marc:datafield>
      
      <marc:datafield tag="856" ind1=" " ind2=" ">
         <marc:subfield code="u">http://search.ebscohost.com/login.aspx?direct=true&amp;db=aph&amp;AN=11843227&amp;site=ehost-live</marc:subfield>
      </marc:datafield>
   </marc:record>