
   <marc:record>
      <marc:leader>     nam  22     uu 4500</marc:leader>
      <marc:controlfield tag="008">      |           ||||||||||||||||||||||</marc:controlfield>
      <marc:datafield tag="245" ind1="1" ind2="0">
         <marc:subfield code="a">Dependence of the Amplification of Giant Raman Scattering and Fluorescence on the Distance between an Adsorbed Molecule and a Metal Surface</marc:subfield>
      </marc:datafield>
      <marc:datafield tag="700" ind1="1" ind2=" ">
         <marc:subfield code="a">A. E. German</marc:subfield>
         <marc:subfield code="e">author</marc:subfield>
      </marc:datafield>
      <marc:datafield tag="700" ind1="1" ind2=" ">
         <marc:subfield code="a">G. A. Gachko</marc:subfield>
         <marc:subfield code="e">author</marc:subfield>
      </marc:datafield>
      
      <marc:datafield tag="655" ind1=" " ind2="7">
         <marc:subfield code="a">journal article</marc:subfield>
      </marc:datafield>
      <marc:datafield tag="655" ind1=" " ind2="7">
         <marc:subfield code="a">article</marc:subfield>
         <marc:subfield code="2">bibtex</marc:subfield>
      </marc:datafield>
      <marc:datafield tag="260" ind1=" " ind2=" "/>
      <marc:datafield tag="520" ind1=" " ind2=" ">
         <marc:subfield code="a">We have studied the effect of the long-range amplification of secondary radiation of the molecules of oxazine 1 adsorbed on the surface of thin silver film covered by 1?7 Langmuir monolayers of stearic acid. We show that the intensity of the giant Raman scattering (GRS) changes proportionally to r-1 with removal of a molecule from the surface of a metal, which is in good agreement with the theory. The distances over which the strength of the electric field enhanced by the surface makes a substantial contribution to the processes mentioned are of the order of 10 nm.</marc:subfield>
      </marc:datafield>
      <marc:datafield tag="650" ind1="1" ind2=" ">
         <marc:subfield code="a">giant Raman scattering</marc:subfield>
         <marc:subfield code="x">oxazine 1</marc:subfield>
         <marc:subfield code="x">thin silver film</marc:subfield>
         <marc:subfield code="x">Langmuir monolayer</marc:subfield>
         <marc:subfield code="x">stearine</marc:subfield>
         <marc:subfield code="x">surface-enhanced fluorescence</marc:subfield>
      </marc:datafield>
      <marc:datafield tag="773" ind1="0" ind2=" ">
         <marc:subfield code="q">86:6&lt;987</marc:subfield>
         <marc:subfield code="t">J. Appl. Spectr.</marc:subfield>
      </marc:datafield>
      
      <marc:datafield tag="856" ind1=" " ind2=" ">
         <marc:subfield code="u">10.1023/A:1014351115569</marc:subfield>
      </marc:datafield>
      <marc:datafield tag="856" ind1=" " ind2=" ">
         <marc:subfield code="u">http://dx.doi.org/10.1023/A:1014351115569</marc:subfield>
      </marc:datafield>
   </marc:record>