
   <marc:record>
      <marc:leader>     nam  22     uu 4500</marc:leader>
      <marc:controlfield tag="008">      |           ||||||||||||||||||||||</marc:controlfield>
      <marc:datafield tag="245" ind1="1" ind2="0">
         <marc:subfield code="a">Spectroscopic properties of molecules interacting with small dielectric particles</marc:subfield>
      </marc:datafield>
      <marc:datafield tag="700" ind1="1" ind2=" ">
         <marc:subfield code="a">Joel Gersten</marc:subfield>
         <marc:subfield code="e">author</marc:subfield>
      </marc:datafield>
      <marc:datafield tag="700" ind1="1" ind2=" ">
         <marc:subfield code="a">Abraham Nitzan</marc:subfield>
         <marc:subfield code="e">author</marc:subfield>
      </marc:datafield>
      
      <marc:datafield tag="655" ind1=" " ind2="7">
         <marc:subfield code="a">journal article</marc:subfield>
      </marc:datafield>
      <marc:datafield tag="655" ind1=" " ind2="7">
         <marc:subfield code="a">article</marc:subfield>
         <marc:subfield code="2">bibtex</marc:subfield>
      </marc:datafield>
      <marc:datafield tag="260" ind1=" " ind2=" "/>
      <marc:datafield tag="520" ind1=" " ind2=" ">
         <marc:subfield code="a">Optical properties of small dielectric spheroids with or without adsorbed molecules are studied theoretically. Expressions for the absorption line shapes, the radiative and nonradiative decay rates, and quantum yields are derived. In the case of a molecule near a spheroid the magnitudes differ dramatically from the corresponding case of a molecule near a plane. The Journal of Chemical Physics is copyrighted by The American Institute of Physics.</marc:subfield>
      </marc:datafield>
      <marc:datafield tag="650" ind1="1" ind2=" ">
         <marc:subfield code="a">line widths</marc:subfield>
         <marc:subfield code="x">spheroids</marc:subfield>
         <marc:subfield code="x">optical properties</marc:subfield>
         <marc:subfield code="x">radiationless decay</marc:subfield>
         <marc:subfield code="x">energy-level transitions</marc:subfield>
         <marc:subfield code="x">raman effect</marc:subfield>
         <marc:subfield code="x">surfaces</marc:subfield>
         <marc:subfield code="x">molecules</marc:subfield>
         <marc:subfield code="x">interactions</marc:subfield>
      </marc:datafield>
      <marc:datafield tag="773" ind1="0" ind2=" ">
         <marc:subfield code="q">75:3&lt;1139</marc:subfield>
         <marc:subfield code="t">J. Chem. Phys.</marc:subfield>
      </marc:datafield>
      
      <marc:datafield tag="856" ind1=" " ind2=" ">
         <marc:subfield code="u">10.1063/1.442161</marc:subfield>
      </marc:datafield>
      <marc:datafield tag="856" ind1=" " ind2=" ">
         <marc:subfield code="u">http://dx.doi.org/10.1063/1.442161</marc:subfield>
      </marc:datafield>
   </marc:record>