
   <marc:record>
      <marc:leader>     nam  22     uu 4500</marc:leader>
      <marc:controlfield tag="008">      |           ||||||||||||||||||||||</marc:controlfield>
      <marc:datafield tag="245" ind1="1" ind2="0">
         <marc:subfield code="a">Near-field optics theories</marc:subfield>
      </marc:datafield>
      <marc:datafield tag="700" ind1="1" ind2=" ">
         <marc:subfield code="a">Christian Girard</marc:subfield>
         <marc:subfield code="e">author</marc:subfield>
      </marc:datafield>
      <marc:datafield tag="700" ind1="1" ind2=" ">
         <marc:subfield code="a">Alain Dereux</marc:subfield>
         <marc:subfield code="e">author</marc:subfield>
      </marc:datafield>
      
      <marc:datafield tag="655" ind1=" " ind2="7">
         <marc:subfield code="a">journal article</marc:subfield>
      </marc:datafield>
      <marc:datafield tag="655" ind1=" " ind2="7">
         <marc:subfield code="a">article</marc:subfield>
         <marc:subfield code="2">bibtex</marc:subfield>
      </marc:datafield>
      <marc:datafield tag="260" ind1=" " ind2=" "/>
      <marc:datafield tag="520" ind1=" " ind2=" ">
         <marc:subfield code="a">The development of near-field optics theory is reviewed. We first recall that near-field optics is not limited to near-field microscopy. Broadly speaking, it concerns phenomena involving evanescent electromagnetic waves. The importance of such waves was ignored for a long time in optical and surface physics until the emergence of scanning near-field optical microscopes. Taking evanescent waves into account prevents the use of any simple approximation in the set of Maxwell's equations. The various theoretical approaches of near-field optics are discussed from the point of view of their ability to assess evanescent electromagnetic waves. We discuss the main results of the application of the various practical schemes which all rely on a numerical procedure. This review was received in February 1996.</marc:subfield>
      </marc:datafield>
      <marc:datafield tag="773" ind1="0" ind2=" ">
         <marc:subfield code="q">59:5&lt;657</marc:subfield>
         <marc:subfield code="t">Rep. Prog. Phys.</marc:subfield>
      </marc:datafield>
      
      <marc:datafield tag="856" ind1=" " ind2=" ">
         <marc:subfield code="u">10.1088/0034-4885/59/5/002</marc:subfield>
      </marc:datafield>
      <marc:datafield tag="856" ind1=" " ind2=" ">
         <marc:subfield code="u">http://stacks.iop.org/0034-4885/59/657</marc:subfield>
      </marc:datafield>
      <marc:datafield tag="856" ind1=" " ind2=" ">
         <marc:subfield code="u">http://dx.doi.org/10.1088/0034-4885/59/5/002</marc:subfield>
      </marc:datafield>
   </marc:record>