
   <marc:record>
      <marc:leader>     nam  22     uu 4500</marc:leader>
      <marc:controlfield tag="008">      |           ||||||||||||||||||||||</marc:controlfield>
      <marc:datafield tag="245" ind1="1" ind2="0">
         <marc:subfield code="a">Detection of adsorption of Ru(II) and Os(II) polypyridyl complexes on gold and silver nanoparticles by single-photon counting emission measurements</marc:subfield>
      </marc:datafield>
      <marc:datafield tag="700" ind1="1" ind2=" ">
         <marc:subfield code="a">Wilhelm R. Glomm</marc:subfield>
         <marc:subfield code="e">author</marc:subfield>
      </marc:datafield>
      <marc:datafield tag="700" ind1="1" ind2=" ">
         <marc:subfield code="a">Selina J. Moses</marc:subfield>
         <marc:subfield code="e">author</marc:subfield>
      </marc:datafield>
      <marc:datafield tag="700" ind1="1" ind2=" ">
         <marc:subfield code="a">Matthew K. Brennaman</marc:subfield>
         <marc:subfield code="e">author</marc:subfield>
      </marc:datafield>
      <marc:datafield tag="700" ind1="1" ind2=" ">
         <marc:subfield code="a">John M. Papanikolas</marc:subfield>
         <marc:subfield code="e">author</marc:subfield>
      </marc:datafield>
      <marc:datafield tag="700" ind1="1" ind2=" ">
         <marc:subfield code="a">Stefan Franzen</marc:subfield>
         <marc:subfield code="e">author</marc:subfield>
      </marc:datafield>
      
      <marc:datafield tag="655" ind1=" " ind2="7">
         <marc:subfield code="a">journal article</marc:subfield>
      </marc:datafield>
      <marc:datafield tag="655" ind1=" " ind2="7">
         <marc:subfield code="a">article</marc:subfield>
         <marc:subfield code="2">bibtex</marc:subfield>
      </marc:datafield>
      <marc:datafield tag="260" ind1=" " ind2=" "/>
      <marc:datafield tag="520" ind1=" " ind2=" ">
         <marc:subfield code="a">The present study describes a new application of ruthenium(II) tris(bipyridine) (Ru(bpy)(3)(2+)) and osmium(II) tris(bipyridine) (Os(bpy)(3)(2+)) as phosphorescent labels for the quantification of surface binding of molecules to gold and silver nanoparticles. The fraction of Rtt(bpy)(3)(2+) and Os(bpy)(3)(2+) that is in solution can be distinguished from the surface-bound fraction by the relative lifetimes and integrated emission yields as determined by time-correlated single-photon counting (TCSPC) spectroscopy. Complementary steady-state measurements were carried out to confirm surface attachment of the phosphorescent label molecules. Although the emission of solutions of Ru(bpy)(3)(2+) and Os(bpy)(3)(2+) is quenched proportional to the concentration of 10 nm Au or 20 nm Ag nanoparticles, the quenching is static and not diffusional quenching observed in Stern-Volmer plots. The results demonstrate that time-resolved spectroscopy provides a rapid method for the measurement of surface binding of labeled molecules on metallic nanoparticles. While steady-state measurements require the preparation of a series of samples with varying quencher concentrations and a reference, the method described herein requires a single sample plus reference. The mechanism for phosphorescence quenching on Au and Ag nanoparticles is discussed in terms of energy and electron transfer theories.</marc:subfield>
      </marc:datafield>
      <marc:datafield tag="650" ind1="1" ind2=" ">
         <marc:subfield code="a">energy-transfer</marc:subfield>
         <marc:subfield code="x">electron-transfer</marc:subfield>
         <marc:subfield code="x">charge-transfer</marc:subfield>
         <marc:subfield code="x">metal</marc:subfield>
         <marc:subfield code="x">fluorescence</marc:subfield>
         <marc:subfield code="x">binding</marc:subfield>
         <marc:subfield code="x">surface</marc:subfield>
         <marc:subfield code="x">nanoclusters</marc:subfield>
         <marc:subfield code="x">absorption</marc:subfield>
         <marc:subfield code="x">dynamics</marc:subfield>
      </marc:datafield>
      <marc:datafield tag="773" ind1="0" ind2=" ">
         <marc:subfield code="q">109:2&lt;804</marc:subfield>
         <marc:subfield code="t">J. Phys. Chem. B</marc:subfield>
      </marc:datafield>
      
      <marc:datafield tag="856" ind1=" " ind2=" ">
         <marc:subfield code="u">10.1021/jp049184k</marc:subfield>
      </marc:datafield>
      <marc:datafield tag="856" ind1=" " ind2=" ">
         <marc:subfield code="u">http://dx.doi.org/10.1021/jp049184k</marc:subfield>
      </marc:datafield>
   </marc:record>