
   <marc:record>
      <marc:leader>     nam  22     uu 4500</marc:leader>
      <marc:controlfield tag="008">      |           ||||||||||||||||||||||</marc:controlfield>
      <marc:datafield tag="245" ind1="1" ind2="0">
         <marc:subfield code="a">Surface-Enhanced Raman Scattering on Dendrimer/Metallic Nanoparticle Layer-by-Layer Film Substrates</marc:subfield>
      </marc:datafield>
      <marc:datafield tag="700" ind1="1" ind2=" ">
         <marc:subfield code="a">Paul J. G. Goulet</marc:subfield>
         <marc:subfield code="e">author</marc:subfield>
      </marc:datafield>
      <marc:datafield tag="700" ind1="1" ind2=" ">
         <marc:subfield code="a">David S. dos Santos Jr.</marc:subfield>
         <marc:subfield code="e">author</marc:subfield>
      </marc:datafield>
      <marc:datafield tag="700" ind1="1" ind2=" ">
         <marc:subfield code="a">Ramón A. Alvarez-Puebla</marc:subfield>
         <marc:subfield code="e">author</marc:subfield>
      </marc:datafield>
      <marc:datafield tag="700" ind1="1" ind2=" ">
         <marc:subfield code="a">Osvaldo N. Oliveira Jr.</marc:subfield>
         <marc:subfield code="e">author</marc:subfield>
      </marc:datafield>
      <marc:datafield tag="700" ind1="1" ind2=" ">
         <marc:subfield code="a">Ricardo F. Aroca</marc:subfield>
         <marc:subfield code="e">author</marc:subfield>
      </marc:datafield>
      
      <marc:datafield tag="655" ind1=" " ind2="7">
         <marc:subfield code="a">journal article</marc:subfield>
      </marc:datafield>
      <marc:datafield tag="655" ind1=" " ind2="7">
         <marc:subfield code="a">article</marc:subfield>
         <marc:subfield code="2">bibtex</marc:subfield>
      </marc:datafield>
      <marc:datafield tag="260" ind1=" " ind2=" "/>
      <marc:datafield tag="520" ind1=" " ind2=" ">
         <marc:subfield code="a">In this paper, the fabrication, characterization, and application of unique layer-by-layer (LBL) films of dendrimers and metallic nanoparticles is reported. Silver nanoparticles (d =  20 nm) are produced in solution by sodium citrate reduction and incorporated into thin films with generation 1 and 5 DAB-Am dendrimers (polypropylenimine dendrimers with amino surface groups) by the LBL technique. The resulting nanocomposite films are characterized by UV-visible surface plasmon absorption and atomic force microscopy (AFM) measurements, and employed as substrates for surface-enhanced Raman scattering (SERS) of 2-naphthalenethiol. Through variation of the molecular size (dendrimer generation) and concentration of the cross-linker used, as well as the number of layers produced, the optical properties of several different possible architectures are studied. In the films, Ag nanoparticles are shown to be effectively immobilized and stabilized with increased control over their spacing and aggregation. Moreover, the films are shown to be excellent substrates for SERS measurements, demonstrating significant enhancement capability. As expected, large electromagnetic enhancement of Raman scattering signals is found to be strongly dependent on interparticle coupling between neighboring metallic nanoparticles. Finally, the possibility of detecting SERS signals from architectures with intervening layers between the metal nanoparticles and analyte molecules is explored. It is shown that although there are decreases in intensity with increasing number of intervening layers (as is expected from the distance dependence of SERS), electromagnetic enhancement is still able to function at these distances, thus offering the possibility of developing sensors with external layers that are chemically selective for specific analytes.</marc:subfield>
      </marc:datafield>
      <marc:datafield tag="650" ind1="1" ind2=" ">
         <marc:subfield code="a">ultrasensitive chemical-analysis</marc:subfield>
         <marc:subfield code="x">langmuir-blodgett monolayers</marc:subfield>
         <marc:subfield code="x">noble-metal nanoparticles</marc:subfield>
         <marc:subfield code="x">poly(amidoamine) dendrimers</marc:subfield>
         <marc:subfield code="x">optical-properties</marc:subfield>
         <marc:subfield code="x">silver electrode</marc:subfield>
         <marc:subfield code="x">island films</marc:subfield>
         <marc:subfield code="x">spectroscopy</marc:subfield>
         <marc:subfield code="x">sers</marc:subfield>
         <marc:subfield code="x">gold</marc:subfield>
      </marc:datafield>
      <marc:datafield tag="773" ind1="0" ind2=" ">
         <marc:subfield code="q">21:12&lt;5576</marc:subfield>
         <marc:subfield code="t">Langmuir</marc:subfield>
      </marc:datafield>
      
      <marc:datafield tag="856" ind1=" " ind2=" ">
         <marc:subfield code="u">10.1021/la050202e</marc:subfield>
      </marc:datafield>
      <marc:datafield tag="856" ind1=" " ind2=" ">
         <marc:subfield code="u">http://dx.doi.org/10.1021/la050202e</marc:subfield>
      </marc:datafield>
   </marc:record>