
   <marc:record>
      <marc:leader>     nam  22     uu 4500</marc:leader>
      <marc:controlfield tag="008">      |           ||||||||||||||||||||||</marc:controlfield>
      <marc:datafield tag="245" ind1="1" ind2="0">
         <marc:subfield code="a">Spin-Förster transfer in optically excited quantum dots</marc:subfield>
      </marc:datafield>
      <marc:datafield tag="700" ind1="1" ind2=" ">
         <marc:subfield code="a">Alexander O. Govorov</marc:subfield>
         <marc:subfield code="e">author</marc:subfield>
      </marc:datafield>
      
      <marc:datafield tag="655" ind1=" " ind2="7">
         <marc:subfield code="a">journal article</marc:subfield>
      </marc:datafield>
      <marc:datafield tag="655" ind1=" " ind2="7">
         <marc:subfield code="a">article</marc:subfield>
         <marc:subfield code="2">bibtex</marc:subfield>
      </marc:datafield>
      <marc:datafield tag="260" ind1=" " ind2=" "/>
      <marc:datafield tag="520" ind1=" " ind2=" ">
         <marc:subfield code="a">The mechanisms of energy and spin transfer in quantum dot pairs coupled via the Coulomb interaction are studied. Exciton transfer can be resonant or phonon-assisted. In both cases, the transfer rates strongly depend on the resonance conditions. The spin selection rules in the transfer process come from the exchange and spin-orbit interactions. The character of energy dissipation in spin transfer is different than that in the traditional spin currents. The spin-dependent photon cross-correlation functions reflect the exciton transfer process. In addition, a mathematical method to calculate Förster transfer in crystalline nanostructures beyond the dipole-dipole approximation is described.</marc:subfield>
      </marc:datafield>
      <marc:datafield tag="650" ind1="1" ind2=" ">
         <marc:subfield code="a">semiconductor quantum dots</marc:subfield>
         <marc:subfield code="x">nanostructured materials</marc:subfield>
         <marc:subfield code="x">excitons</marc:subfield>
         <marc:subfield code="x">exchange interactions (electron)</marc:subfield>
         <marc:subfield code="x">spin-orbit interactions</marc:subfield>
      </marc:datafield>
      <marc:datafield tag="773" ind1="0" ind2=" ">
         <marc:subfield code="q">71:15&lt;155323</marc:subfield>
         <marc:subfield code="t">Phys. Rev. B</marc:subfield>
      </marc:datafield>
      
      <marc:datafield tag="856" ind1=" " ind2=" ">
         <marc:subfield code="u">10.1103/PhysRevB.71.155323</marc:subfield>
      </marc:datafield>
      <marc:datafield tag="856" ind1=" " ind2=" ">
         <marc:subfield code="u">http://link.aps.org/abstract/PRB/v71/e155323</marc:subfield>
      </marc:datafield>
      <marc:datafield tag="856" ind1=" " ind2=" ">
         <marc:subfield code="u">http://dx.doi.org/10.1103/PhysRevB.71.155323</marc:subfield>
      </marc:datafield>
   </marc:record>