
   <marc:record>
      <marc:leader>     nam  22     uu 4500</marc:leader>
      <marc:controlfield tag="008">      |           ||||||||||||||||||||||</marc:controlfield>
      <marc:datafield tag="245" ind1="1" ind2="0">
         <marc:subfield code="a">Spin and energy transfer in nanocrystals without tunneling</marc:subfield>
      </marc:datafield>
      <marc:datafield tag="700" ind1="1" ind2=" ">
         <marc:subfield code="a">A. O. Govorov</marc:subfield>
         <marc:subfield code="e">author</marc:subfield>
      </marc:datafield>
      
      <marc:datafield tag="655" ind1=" " ind2="7">
         <marc:subfield code="a">journal article</marc:subfield>
      </marc:datafield>
      <marc:datafield tag="655" ind1=" " ind2="7">
         <marc:subfield code="a">article</marc:subfield>
         <marc:subfield code="2">bibtex</marc:subfield>
      </marc:datafield>
      <marc:datafield tag="260" ind1=" " ind2=" "/>
      <marc:datafield tag="520" ind1=" " ind2=" ">
         <marc:subfield code="a">We describe a mechanism of spin transfer between individual quantum dots without tunneling. Incident circularly polarized photons create interband excitons with nonzero electron spin in the first quantum dot. When the quantum-dot pair is properly designed, this excitation can be transferred to the neighboring dot via the Coulomb interaction with conservation or flipping of electron spin. The second dot can radiate circularly polarized photons at smaller energy. Selection rules for spin transfer are determined by the resonant conditions and by the strong spin-orbit interaction in the valence band of nanocrystals. Coulomb-induced energy and spin transfer in pairs and chains of dots can become very efficient under resonant conditions. The electron can preserve its spin orientation even in randomly oriented nanocrystals.</marc:subfield>
      </marc:datafield>
      <marc:datafield tag="650" ind1="1" ind2=" ">
         <marc:subfield code="a">quantum dots</marc:subfield>
         <marc:subfield code="x">electron spin polarisation</marc:subfield>
         <marc:subfield code="x">excitons</marc:subfield>
         <marc:subfield code="x">spin-orbit interactions</marc:subfield>
      </marc:datafield>
      <marc:datafield tag="773" ind1="0" ind2=" ">
         <marc:subfield code="q">68:7&lt;075315</marc:subfield>
         <marc:subfield code="t">Phys. Rev. B</marc:subfield>
      </marc:datafield>
      
      <marc:datafield tag="856" ind1=" " ind2=" ">
         <marc:subfield code="u">10.1103/PhysRevB.68.075315</marc:subfield>
      </marc:datafield>
      <marc:datafield tag="856" ind1=" " ind2=" ">
         <marc:subfield code="u">http://link.aps.org/abstract/PRB/v68/e075315</marc:subfield>
      </marc:datafield>
      <marc:datafield tag="856" ind1=" " ind2=" ">
         <marc:subfield code="u">http://dx.doi.org/10.1103/PhysRevB.68.075315</marc:subfield>
      </marc:datafield>
   </marc:record>