
   <marc:record>
      <marc:leader>     nam  22     uu 4500</marc:leader>
      <marc:controlfield tag="008">      |           ||||||||||||||||||||||</marc:controlfield>
      <marc:datafield tag="245" ind1="1" ind2="0">
         <marc:subfield code="a">Preparation and Characterization of Au Colloid Monolayers</marc:subfield>
      </marc:datafield>
      <marc:datafield tag="700" ind1="1" ind2=" ">
         <marc:subfield code="a">Katherine C. Grabar</marc:subfield>
         <marc:subfield code="e">author</marc:subfield>
      </marc:datafield>
      <marc:datafield tag="700" ind1="1" ind2=" ">
         <marc:subfield code="a">R. Griffith Freeman</marc:subfield>
         <marc:subfield code="e">author</marc:subfield>
      </marc:datafield>
      <marc:datafield tag="700" ind1="1" ind2=" ">
         <marc:subfield code="a">Michael B. Hommer</marc:subfield>
         <marc:subfield code="e">author</marc:subfield>
      </marc:datafield>
      <marc:datafield tag="700" ind1="1" ind2=" ">
         <marc:subfield code="a">Michael J. Natan</marc:subfield>
         <marc:subfield code="e">author</marc:subfield>
      </marc:datafield>
      
      <marc:datafield tag="655" ind1=" " ind2="7">
         <marc:subfield code="a">journal article</marc:subfield>
      </marc:datafield>
      <marc:datafield tag="655" ind1=" " ind2="7">
         <marc:subfield code="a">article</marc:subfield>
         <marc:subfield code="2">bibtex</marc:subfield>
      </marc:datafield>
      <marc:datafield tag="260" ind1=" " ind2=" "/>
      <marc:datafield tag="520" ind1=" " ind2=" ">
         <marc:subfield code="a">The design and initial characterization of two-dimensional arrays of colloidal Au particles are reported. These surfaces are prepared by self-assembly of 12 nn diameter colloidal Au particles onto immobilized polymers having pendant functional groups with high affinity for Au (i.e., CN, SH, and NH2). The polymers are formed by condensation of functionalized alkoxysilanes onto cleaned quartz, glass, and SiO2 surfaces. The assembly protocol is carried out completely in solution: cleaned substrates are immersed in methanolic solutions of organosilane, rinsed, and subsequently immersed in aqueous colloidal Au solutions. Two-dimensional arrays spontaneously form on the polymer surface, The resulting substrates have been characterized by UV-vis spectroscopy, transmission electron microscopy (TEM), and surface-enhanced Raman scattering (SERS). TEM data show that the particles are spatially separated but close enough to interact electromagnetically (small spacing compared to lambda). The UV-vis data show that collective particle surface plasmon modes are present in the 650-750 nm region, suggesting that these assemblies are SERS-active. This is indeed the case, with enhancement factors of roughly 10(4). Au colloid monolayers possess a set of features that make them very attractive for both basic and applied uses, including uniform roughness, high stability, and biocompatibility.</marc:subfield>
      </marc:datafield>
      <marc:datafield tag="650" ind1="1" ind2=" ">
         <marc:subfield code="a">surface-enhanced raman</marc:subfield>
         <marc:subfield code="x">self-assembled monolayers</marc:subfield>
         <marc:subfield code="x">thin ag films</marc:subfield>
         <marc:subfield code="x">silver electrode</marc:subfield>
         <marc:subfield code="x">resonance raman</marc:subfield>
         <marc:subfield code="x">gold colloids</marc:subfield>
         <marc:subfield code="x">scattering</marc:subfield>
         <marc:subfield code="x">spectroscopy</marc:subfield>
         <marc:subfield code="x">sols</marc:subfield>
         <marc:subfield code="x">dependence</marc:subfield>
      </marc:datafield>
      <marc:datafield tag="773" ind1="0" ind2=" ">
         <marc:subfield code="q">67:4&lt;735</marc:subfield>
         <marc:subfield code="t">Anal. Chem.</marc:subfield>
      </marc:datafield>
      
   </marc:record>