
   <marc:record>
      <marc:leader>     nam  22     uu 4500</marc:leader>
      <marc:controlfield tag="008">      |           ||||||||||||||||||||||</marc:controlfield>
      <marc:datafield tag="245" ind1="1" ind2="0">
         <marc:subfield code="a">Methode immuno-electrophoretique d'analyse de melanges de substances antigeniques</marc:subfield>
      </marc:datafield>
      <marc:datafield tag="700" ind1="1" ind2=" ">
         <marc:subfield code="a">Pierre Grabar</marc:subfield>
         <marc:subfield code="e">author</marc:subfield>
      </marc:datafield>
      <marc:datafield tag="700" ind1="1" ind2=" ">
         <marc:subfield code="a">Curtis A. Jr. Williams</marc:subfield>
         <marc:subfield code="c">Jr.</marc:subfield>
         <marc:subfield code="e">author</marc:subfield>
      </marc:datafield>
      
      <marc:datafield tag="655" ind1=" " ind2="7">
         <marc:subfield code="a">journal article</marc:subfield>
      </marc:datafield>
      <marc:datafield tag="655" ind1=" " ind2="7">
         <marc:subfield code="a">article</marc:subfield>
         <marc:subfield code="2">bibtex</marc:subfield>
      </marc:datafield>
      <marc:datafield tag="260" ind1=" " ind2=" "/>
      <marc:datafield tag="520" ind1=" " ind2=" ">
         <marc:subfield code="a">Resume On effectue d'abord une electrophorese du produit a etudier dans un gel de gelose a 1.5-2% dans un tampon veronal de [lambda]/2 = 0.05 et aved une chute de potentiel de 3-4 V/cm dans le gel. On fait ensuite diffuser des immunserums precipitants perpendiculairement a l'axe de migration electrophoretique. Chaque constituant du melange etudie donne une bande de precipitation specifique independante, ce qui permet de le distinguer grace a sa specificite immunologique et de le definir par sa mobilite electrophoretique relative. Les details techniques sont decrits et les possibilites de la methode sont discutes.</marc:subfield>
      </marc:datafield>
      <marc:datafield tag="773" ind1="0" ind2=" ">
         <marc:subfield code="q">17&lt;67</marc:subfield>
         <marc:subfield code="t">Biochim. Biophys. Acta</marc:subfield>
      </marc:datafield>
      
      <marc:datafield tag="856" ind1=" " ind2=" ">
         <marc:subfield code="u">10.1016/0006-3002(55)90320-6</marc:subfield>
      </marc:datafield>
      <marc:datafield tag="856" ind1=" " ind2=" ">
         <marc:subfield code="u">http://www.sciencedirect.com/science/article/B73G9-47KGRYM-72/2/e778c10e218be1706248f03135cced29</marc:subfield>
      </marc:datafield>
      <marc:datafield tag="856" ind1=" " ind2=" ">
         <marc:subfield code="u">http://dx.doi.org/10.1016/0006-3002(55)90320-6</marc:subfield>
      </marc:datafield>
   </marc:record>