
   <marc:record>
      <marc:leader>     nam  22     uu 4500</marc:leader>
      <marc:controlfield tag="008">      |           ||||||||||||||||||||||</marc:controlfield>
      <marc:datafield tag="245" ind1="1" ind2="0">
         <marc:subfield code="a">Conformation of Bovine Serum Albumin as a Function of Hydration Monitored by Infrared Spectroscopy</marc:subfield>
      </marc:datafield>
      <marc:datafield tag="700" ind1="1" ind2=" ">
         <marc:subfield code="a">Joze Grdadolnik</marc:subfield>
         <marc:subfield code="e">author</marc:subfield>
      </marc:datafield>
      
      <marc:datafield tag="655" ind1=" " ind2="7">
         <marc:subfield code="a">journal article</marc:subfield>
      </marc:datafield>
      <marc:datafield tag="655" ind1=" " ind2="7">
         <marc:subfield code="a">article</marc:subfield>
         <marc:subfield code="2">bibtex</marc:subfield>
      </marc:datafield>
      <marc:datafield tag="260" ind1=" " ind2=" "/>
      <marc:datafield tag="520" ind1=" " ind2=" ">
         <marc:subfield code="a">The secondary structure of bovine serum albumin (BSA) is determined from infrared spectra (cast films, solution in phosphate buffer) by analyzing the structure of Amide bands. Due to strong overlapping of intrinsic bands three classical methods of band decomposition was implemented: Fourier self deconvolution, second derivatives and band fitting algorithm. The initial values for the number of the components and their position was checked with a novel procedure of dry and hydrated H/D exchange. The most dominant band component in Amide I region is the band at 1654 cm-1, which is usually attributed to a-helical structure. Other bands in Amide I region are attributed to various type of turns. Hydration of protein, as well as the solvation of protein in phosphate buffer, induces the radical change in the secondary structure, especially in the population of a-helices. Drying of the protein film causes a partial denaturation. Classical methods for determine the changes in secondary structure are not accurate enough. Moreover, the interpretation of changes can be easily misleading. Hence, the difference spectroscopy was used to clarify the effects of hydration and solvation on the protein secondary structure. The solvated protein was measured in ATR cell. For proper compare the ATR spectrum with the normal transmission one, first optical constant n and k were calculated and later the exact absorption spectrum.</marc:subfield>
      </marc:datafield>
      <marc:datafield tag="650" ind1="1" ind2=" ">
         <marc:subfield code="a">BSA</marc:subfield>
         <marc:subfield code="x">RSA</marc:subfield>
         <marc:subfield code="x">Raman</marc:subfield>
         <marc:subfield code="x">infrared</marc:subfield>
         <marc:subfield code="x">protein structure</marc:subfield>
         <marc:subfield code="x">structure of Amide I band</marc:subfield>
         <marc:subfield code="x">H/D exchange</marc:subfield>
         <marc:subfield code="x">denaturation</marc:subfield>
      </marc:datafield>
      <marc:datafield tag="773" ind1="0" ind2=" ">
         <marc:subfield code="q">6:1&lt;6</marc:subfield>
         <marc:subfield code="t">Int. J. Vibr. Spec.</marc:subfield>
      </marc:datafield>
      
      <marc:datafield tag="856" ind1=" " ind2=" ">
         <marc:subfield code="u">http://www.ijvs.com/volume6/edition1/section3.html</marc:subfield>
      </marc:datafield>
   </marc:record>