
   <marc:record>
      <marc:leader>     nam  22     uu 4500</marc:leader>
      <marc:controlfield tag="008">      |           ||||||||||||||||||||||</marc:controlfield>
      <marc:datafield tag="245" ind1="1" ind2="0">
         <marc:subfield code="a">Single-Molecule Measurements of Gold-Quenched Quantum Dots</marc:subfield>
      </marc:datafield>
      <marc:datafield tag="700" ind1="1" ind2=" ">
         <marc:subfield code="a">Zoher Gueroui</marc:subfield>
         <marc:subfield code="e">author</marc:subfield>
      </marc:datafield>
      <marc:datafield tag="700" ind1="1" ind2=" ">
         <marc:subfield code="a">Albert Libchaber</marc:subfield>
         <marc:subfield code="e">author</marc:subfield>
      </marc:datafield>
      
      <marc:datafield tag="655" ind1=" " ind2="7">
         <marc:subfield code="a">journal article</marc:subfield>
      </marc:datafield>
      <marc:datafield tag="655" ind1=" " ind2="7">
         <marc:subfield code="a">article</marc:subfield>
         <marc:subfield code="2">bibtex</marc:subfield>
      </marc:datafield>
      <marc:datafield tag="260" ind1=" " ind2=" "/>
      <marc:datafield tag="520" ind1=" " ind2=" ">
         <marc:subfield code="a">We report the study of the quenching of quantum dots (CdSe) by gold nanoparticles at the single-molecule level. Double-stranded DNA is used as a rigid spacer to tune the distance between the two nanoparticles. The width of the fluorescent intensity distribution, monitored at different interparticle distances, reflects both the nanoparticle heterogeneity and the fluorescence intermittency of the quantum dot. The fluorescence distribution emitted by single CdSe nanocrystals can easily be distinguished from the fluorescence of partially quenched CdSe. Our results show that the distance-dependence quenching is compatible with a Förster-type process.</marc:subfield>
      </marc:datafield>
      <marc:datafield tag="650" ind1="1" ind2=" ">
         <marc:subfield code="a">DNA</marc:subfield>
         <marc:subfield code="x">gold</marc:subfield>
         <marc:subfield code="x">fluorescence</marc:subfield>
         <marc:subfield code="x">nanoparticles</marc:subfield>
         <marc:subfield code="x">semiconductor quantum dots</marc:subfield>
         <marc:subfield code="x">cadmium compounds</marc:subfield>
         <marc:subfield code="x">II-VI semiconductors</marc:subfield>
         <marc:subfield code="x">radiation quenching</marc:subfield>
      </marc:datafield>
      <marc:datafield tag="773" ind1="0" ind2=" ">
         <marc:subfield code="q">93:16&lt;166108</marc:subfield>
         <marc:subfield code="t">Phys. Rev. Lett.</marc:subfield>
      </marc:datafield>
      
      <marc:datafield tag="856" ind1=" " ind2=" ">
         <marc:subfield code="u">10.1103/PhysRevLett.93.166108</marc:subfield>
      </marc:datafield>
      <marc:datafield tag="856" ind1=" " ind2=" ">
         <marc:subfield code="u">http://link.aps.org/abstract/PRL/v93/e166108</marc:subfield>
      </marc:datafield>
      <marc:datafield tag="856" ind1=" " ind2=" ">
         <marc:subfield code="u">http://dx.doi.org/10.1103/PhysRevLett.93.166108</marc:subfield>
      </marc:datafield>
   </marc:record>