
   <marc:record>
      <marc:leader>     nam  22     uu 4500</marc:leader>
      <marc:controlfield tag="008">      |           ||||||||||||||||||||||</marc:controlfield>
      <marc:datafield tag="245" ind1="1" ind2="0">
         <marc:subfield code="a">Absorption spectrum of clusters of spheres from the general solution of Maxwell's equations. II. Optical properties of aggregated metal spheres</marc:subfield>
      </marc:datafield>
      <marc:datafield tag="700" ind1="1" ind2=" ">
         <marc:subfield code="a">J. M. Gérardy</marc:subfield>
         <marc:subfield code="e">author</marc:subfield>
      </marc:datafield>
      <marc:datafield tag="700" ind1="1" ind2=" ">
         <marc:subfield code="a">M. Ausloos</marc:subfield>
         <marc:subfield code="e">author</marc:subfield>
      </marc:datafield>
      
      <marc:datafield tag="655" ind1=" " ind2="7">
         <marc:subfield code="a">journal article</marc:subfield>
      </marc:datafield>
      <marc:datafield tag="655" ind1=" " ind2="7">
         <marc:subfield code="a">article</marc:subfield>
         <marc:subfield code="2">bibtex</marc:subfield>
      </marc:datafield>
      <marc:datafield tag="260" ind1=" " ind2=" "/>
      <marc:datafield tag="520" ind1=" " ind2=" ">
         <marc:subfield code="a">A very general theory for the infrared absorption spectrum of homogeneous sphere clusters is presented. Maxwell's equations are solved for any arbitrary cluster geometry and for any light (polarized or not) incidence by usual expansion of the various fields. Usual boundary conditions are used but take into account the possible existence of plasmons in the spheres. High-order multipolar (electric and magnetic) interaction effects are included. The problem is cast into the calculation of the microscopic effective dielectric and magnetic susceptibility for the spheres, and that of the appropriate interaction terms. The latter (which constitute the hardest part of the theory in general) are calculated by formulating in a very practical way a recurrence relation for spherical vector wave functions in different reference frames. The extinction cross section is derived for any arbitrary case in order to allow for comparison of experimental data and previous theoretical work. The theory in the absence of any high-order polar effect is applied to the case of metallic clusters, e.g., small sodium spheres. Effects due to size distribution, sphere separation, and sphere magnetic permittivity are analyzed. Different light incidences are considered. A very brief discussion of the experimental status is presented for the case of metallic spheres. New experiments are suggested for which the theory is easily read out. Appendices contain new relations between Legendre functions and "spherical coupling parameters" allowing one to treat up to (24,24) polar-order interactions.</marc:subfield>
      </marc:datafield>
      <marc:datafield tag="773" ind1="0" ind2=" ">
         <marc:subfield code="q">25:6&lt;4204</marc:subfield>
         <marc:subfield code="t">Phys. Rev. B</marc:subfield>
      </marc:datafield>
      
      <marc:datafield tag="856" ind1=" " ind2=" ">
         <marc:subfield code="u">10.1103/PhysRevB.25.4204</marc:subfield>
      </marc:datafield>
      <marc:datafield tag="856" ind1=" " ind2=" ">
         <marc:subfield code="u">http://link.aps.org/abstract/PRB/v25/p4204</marc:subfield>
      </marc:datafield>
      <marc:datafield tag="856" ind1=" " ind2=" ">
         <marc:subfield code="u">http://dx.doi.org/10.1103/PhysRevB.25.4204</marc:subfield>
      </marc:datafield>
   </marc:record>