
   <marc:record>
      <marc:leader>     nam  22     uu 4500</marc:leader>
      <marc:controlfield tag="008">      |           ||||||||||||||||||||||</marc:controlfield>
      <marc:datafield tag="245" ind1="1" ind2="0">
         <marc:subfield code="a">Hybridization dynamics of surface immobilized DNA</marc:subfield>
      </marc:datafield>
      <marc:datafield tag="700" ind1="1" ind2=" ">
         <marc:subfield code="a">Michael F. Hagan</marc:subfield>
         <marc:subfield code="e">author</marc:subfield>
      </marc:datafield>
      <marc:datafield tag="700" ind1="1" ind2=" ">
         <marc:subfield code="a">Arup K. Chakraborty</marc:subfield>
         <marc:subfield code="e">author</marc:subfield>
      </marc:datafield>
      
      <marc:datafield tag="655" ind1=" " ind2="7">
         <marc:subfield code="a">journal article</marc:subfield>
      </marc:datafield>
      <marc:datafield tag="655" ind1=" " ind2="7">
         <marc:subfield code="a">article</marc:subfield>
         <marc:subfield code="2">bibtex</marc:subfield>
      </marc:datafield>
      <marc:datafield tag="260" ind1=" " ind2=" "/>
      <marc:datafield tag="520" ind1=" " ind2=" ">
         <marc:subfield code="a">We model the hybridization kinetics of surface attached DNA oligomers with solubilized targets. Using both master equation and rate equation formalisms, we show that, for surface coverages at which the surface immobilized molecules interact, barriers to penetration create a distribution of target molecule concentrations within the adsorbed layer. By approximately enumerating probe and target conformations, we estimate the probability of overlap between complementary probe and target regions as a function of probe density and chain length. In agreement with experiments, we find that as probe molecules interact more strongly, fewer nucleation sites become accessible and binding rates are diminished relative to those in solution. Nucleation sites near the grafted end of the probes are least accessible; thus targets which preferentially bind to this region show more drastic rate reductions than those that bind near the free end of the probe. The implications of these results for DNA-based biosensors are discussed.</marc:subfield>
      </marc:datafield>
      <marc:datafield tag="650" ind1="1" ind2=" ">
         <marc:subfield code="a">DNA</marc:subfield>
         <marc:subfield code="x">molecular biophysics</marc:subfield>
         <marc:subfield code="x">macromolecules</marc:subfield>
         <marc:subfield code="x">master equation</marc:subfield>
         <marc:subfield code="x">reaction rate constants</marc:subfield>
         <marc:subfield code="x">adsorbed layers</marc:subfield>
         <marc:subfield code="x">surface structure</marc:subfield>
         <marc:subfield code="x">molecular configurations</marc:subfield>
         <marc:subfield code="x">nucleation</marc:subfield>
         <marc:subfield code="x">probes</marc:subfield>
      </marc:datafield>
      <marc:datafield tag="773" ind1="0" ind2=" ">
         <marc:subfield code="q">120:10&lt;4958</marc:subfield>
         <marc:subfield code="t">J. Chem. Phys.</marc:subfield>
      </marc:datafield>
      
      <marc:datafield tag="856" ind1=" " ind2=" ">
         <marc:subfield code="u">10.1063/1.1645786</marc:subfield>
      </marc:datafield>
      <marc:datafield tag="856" ind1=" " ind2=" ">
         <marc:subfield code="u">http://dx.doi.org/10.1063/1.1645786</marc:subfield>
      </marc:datafield>
   </marc:record>