
   <marc:record>
      <marc:leader>     nam  22     uu 4500</marc:leader>
      <marc:controlfield tag="008">      |           ||||||||||||||||||||||</marc:controlfield>
      <marc:datafield tag="245" ind1="1" ind2="0">
         <marc:subfield code="a">A 1.4-nm gold cluster covalently attached to antibodies improves immunolabeling</marc:subfield>
      </marc:datafield>
      <marc:datafield tag="700" ind1="1" ind2=" ">
         <marc:subfield code="a">James F. Hainfeld</marc:subfield>
         <marc:subfield code="e">author</marc:subfield>
      </marc:datafield>
      <marc:datafield tag="700" ind1="1" ind2=" ">
         <marc:subfield code="a">Frederic R. Furuya</marc:subfield>
         <marc:subfield code="e">author</marc:subfield>
      </marc:datafield>
      
      <marc:datafield tag="655" ind1=" " ind2="7">
         <marc:subfield code="a">journal article</marc:subfield>
      </marc:datafield>
      <marc:datafield tag="655" ind1=" " ind2="7">
         <marc:subfield code="a">article</marc:subfield>
         <marc:subfield code="2">bibtex</marc:subfield>
      </marc:datafield>
      <marc:datafield tag="260" ind1=" " ind2=" "/>
      <marc:datafield tag="520" ind1=" " ind2=" ">
         <marc:subfield code="a">A large gold cluster (Au1.4nm) was covalently coupled to IgG and Fab' fragments. Its gold core is 1.4 nm in diameter and the Fab'-Au1.4nm immunoconjugate is the smallest gold immunoprobe that can be seen directly in the conventional electron microscope. It is useful in high- resolution immunolabeling, providing a resolution of 7.0 nm. The cluster's visibility can be enhanced with silver development for use in EM or light microscopy for histological purposes, or to detect less than or equal to 0.2 pg of antigen in immunoblots. By using a gold compound with covalent attachment, a number of advantages over colloidal gold probes are realized, including better resolution, stability, uniformity, sensitivity, and complete absence of aggregation; its small size should also improve penetration and more quantitative labeling of antigenic sites.</marc:subfield>
      </marc:datafield>
      <marc:datafield tag="773" ind1="0" ind2=" ">
         <marc:subfield code="q">40:2&lt;177</marc:subfield>
         <marc:subfield code="t">J. Histochem. Cytochem.</marc:subfield>
      </marc:datafield>
      
      <marc:datafield tag="856" ind1=" " ind2=" ">
         <marc:subfield code="u">http://www.jhc.org/cgi/content/abstract/40/2/177</marc:subfield>
      </marc:datafield>
   </marc:record>