
   <marc:record>
      <marc:leader>     nam  22     uu 4500</marc:leader>
      <marc:controlfield tag="008">      |           ||||||||||||||||||||||</marc:controlfield>
      <marc:datafield tag="245" ind1="1" ind2="0">
         <marc:subfield code="a">New Frontiers in Gold Labeling</marc:subfield>
      </marc:datafield>
      <marc:datafield tag="700" ind1="1" ind2=" ">
         <marc:subfield code="a">James F. Hainfeld</marc:subfield>
         <marc:subfield code="e">author</marc:subfield>
      </marc:datafield>
      <marc:datafield tag="700" ind1="1" ind2=" ">
         <marc:subfield code="a">Richard D. Powell</marc:subfield>
         <marc:subfield code="e">author</marc:subfield>
      </marc:datafield>
      
      <marc:datafield tag="655" ind1=" " ind2="7">
         <marc:subfield code="a">journal article</marc:subfield>
      </marc:datafield>
      <marc:datafield tag="655" ind1=" " ind2="7">
         <marc:subfield code="a">article</marc:subfield>
         <marc:subfield code="2">bibtex</marc:subfield>
      </marc:datafield>
      <marc:datafield tag="260" ind1=" " ind2=" "/>
      <marc:datafield tag="520" ind1=" " ind2=" ">
         <marc:subfield code="a">Recent advances in gold technology have led to probes with improved properties and performance for cell biologists: higher labeling density, better sensitivity, and greater penetration into tissues. Gold clusters, such as the 1.4-nm Nanogold, are gold compounds that can be covalently linked to Fab' antibody fragments, making small and stable probes. Silver enhancement then makes these small gold particles easily visible by EM, LM, and directly by eye. Another advance is the combination of fluorescent and gold probes for correlative microscopy. Chemical crosslinking of gold particles to many biologically active molecules has made possible many novel probes, such as gold?lipids, gold?Ni?NTA, and gold?ATP.</marc:subfield>
      </marc:datafield>
      <marc:datafield tag="650" ind1="1" ind2=" ">
         <marc:subfield code="a">gold</marc:subfield>
         <marc:subfield code="x">immunogold</marc:subfield>
         <marc:subfield code="x">electron microscopy</marc:subfield>
         <marc:subfield code="x">gold labeling</marc:subfield>
         <marc:subfield code="x">gold clusters</marc:subfield>
         <marc:subfield code="x">immunocytochemistry</marc:subfield>
         <marc:subfield code="x">colloidal gold</marc:subfield>
         <marc:subfield code="x">Nanogold</marc:subfield>
      </marc:datafield>
      <marc:datafield tag="773" ind1="0" ind2=" ">
         <marc:subfield code="q">48:4&lt;471</marc:subfield>
         <marc:subfield code="t">J. Histochem. Cytochem.</marc:subfield>
      </marc:datafield>
      
      <marc:datafield tag="856" ind1=" " ind2=" ">
         <marc:subfield code="u">http://www.jhc.org/cgi/content/abstract/48/4/471</marc:subfield>
      </marc:datafield>
   </marc:record>