
   <marc:record>
      <marc:leader>     nam  22     uu 4500</marc:leader>
      <marc:controlfield tag="008">      |           ||||||||||||||||||||||</marc:controlfield>
      <marc:datafield tag="245" ind1="1" ind2="0">
         <marc:subfield code="a">Cavity Quantum Electrodynamics</marc:subfield>
      </marc:datafield>
      <marc:datafield tag="700" ind1="1" ind2=" ">
         <marc:subfield code="a">Serge Haroche</marc:subfield>
         <marc:subfield code="e">author</marc:subfield>
      </marc:datafield>
      <marc:datafield tag="700" ind1="1" ind2=" ">
         <marc:subfield code="a">Daniel Kleppner</marc:subfield>
         <marc:subfield code="e">author</marc:subfield>
      </marc:datafield>
      
      <marc:datafield tag="655" ind1=" " ind2="7">
         <marc:subfield code="a">journal article</marc:subfield>
      </marc:datafield>
      <marc:datafield tag="655" ind1=" " ind2="7">
         <marc:subfield code="a">article</marc:subfield>
         <marc:subfield code="2">bibtex</marc:subfield>
      </marc:datafield>
      <marc:datafield tag="260" ind1=" " ind2=" "/>
      <marc:datafield tag="520" ind1=" " ind2=" ">
         <marc:subfield code="a">This articles discusses the emergence of a field of atomic physics and quantum optics called cavity quantum electrodynamics (QED). In addition to demonstrating dramatic changes in spontaneous emission, cavity QED has led to the creation of new kinds of microscopic masers that operate with a single atom and a few photons or with photons emitted in pairs in a two-photon transition. The influence of boundary conditions on atomic radiation was pointed out long ago, and a considerable body of literature exists on the subject. Until recently, however, experimental evidence for these effects had been scarce because of the difficulties of preparing, controlling and observing the emission of isolated atoms or molecules near surfaces. Just as a cavity below cutoff suppresses vacuum fluctuations, a resonance cavity enhances them. In addition to changing the radiation rate of atoms, atom-cavity coupling also includes energy shifts. This phenomenon can be understood as a frequency-pulling effect t</marc:subfield>
      </marc:datafield>
      <marc:datafield tag="650" ind1="1" ind2=" ">
         <marc:subfield code="a">QUANTUM electrodynamics</marc:subfield>
         <marc:subfield code="x">MOLECULAR emission cavity analysis</marc:subfield>
         <marc:subfield code="x">QUANTUM optics</marc:subfield>
         <marc:subfield code="x">ATOMS</marc:subfield>
         <marc:subfield code="x">PHYSICS</marc:subfield>
      </marc:datafield>
      <marc:datafield tag="773" ind1="0" ind2=" ">
         <marc:subfield code="q">42:1&lt;24</marc:subfield>
         <marc:subfield code="t">Physics Today</marc:subfield>
         <marc:subfield code="x">00319228</marc:subfield>
      </marc:datafield>
      
      <marc:datafield tag="856" ind1=" " ind2=" ">
         <marc:subfield code="u">http://search.ebscohost.com/login.aspx?direct=true&amp;db=aph&amp;AN=8904031414&amp;loginpage=Login.asp&amp;site=ehost-live</marc:subfield>
      </marc:datafield>
   </marc:record>