
   <marc:record>
      <marc:leader>     nam  22     uu 4500</marc:leader>
      <marc:controlfield tag="008">      |           ||||||||||||||||||||||</marc:controlfield>
      <marc:datafield tag="245" ind1="1" ind2="0">
         <marc:subfield code="a">Measurements of the material properties of metal nanoparticles by time-resolved spectroscopy</marc:subfield>
      </marc:datafield>
      <marc:datafield tag="700" ind1="1" ind2=" ">
         <marc:subfield code="a">Gregory V. Hartland</marc:subfield>
         <marc:subfield code="e">author</marc:subfield>
      </marc:datafield>
      
      <marc:datafield tag="655" ind1=" " ind2="7">
         <marc:subfield code="a">journal article</marc:subfield>
      </marc:datafield>
      <marc:datafield tag="655" ind1=" " ind2="7">
         <marc:subfield code="a">article</marc:subfield>
         <marc:subfield code="2">bibtex</marc:subfield>
      </marc:datafield>
      <marc:datafield tag="260" ind1=" " ind2=" "/>
      <marc:datafield tag="650" ind1="1" ind2=" ">
         <marc:subfield code="a">SURFACE-PLASMON RESONANCE</marc:subfield>
         <marc:subfield code="x">COHERENT ACOUSTIC PHONONS</marc:subfield>
         <marc:subfield code="x">FEMTOSECOND TRANSIENT ABSORPTION</marc:subfield>
         <marc:subfield code="x">COLLOIDAL GOLD NANOPARTICLES</marc:subfield>
         <marc:subfield code="x">ULTRAFAST ELECTRON DYNAMICS</marc:subfield>
         <marc:subfield code="x">SHAPE-CONTROLLED SYNTHESIS</marc:subfield>
         <marc:subfield code="x">NANOCRYSTAL QUANTUM DOTS</marc:subfield>
         <marc:subfield code="x">CORE-SHELL NANOPARTICLES</marc:subfield>
         <marc:subfield code="x">RELAXATION DYNAMICS</marc:subfield>
         <marc:subfield code="x">AQUEOUS-SOLUTION</marc:subfield>
      </marc:datafield>
      <marc:datafield tag="773" ind1="0" ind2=" ">
         <marc:subfield code="q">6:23&lt;5263</marc:subfield>
         <marc:subfield code="t">Phys. Chem. Chem. Phys.</marc:subfield>
      </marc:datafield>
      
      <marc:datafield tag="856" ind1=" " ind2=" ">
         <marc:subfield code="u">10.1039/b413368d</marc:subfield>
      </marc:datafield>
      <marc:datafield tag="856" ind1=" " ind2=" ">
         <marc:subfield code="u">http://dx.doi.org/10.1039/b413368d</marc:subfield>
      </marc:datafield>
   </marc:record>