
   <marc:record>
      <marc:leader>     nam  22     uu 4500</marc:leader>
      <marc:controlfield tag="008">      |           ||||||||||||||||||||||</marc:controlfield>
      <marc:datafield tag="245" ind1="1" ind2="0">
         <marc:subfield code="a">Evanescent field excitation and measurement of dye fluorescence in a metallic probe near-field scanning optical microscope</marc:subfield>
      </marc:datafield>
      <marc:datafield tag="700" ind1="1" ind2=" ">
         <marc:subfield code="a">N. Hayazawa</marc:subfield>
         <marc:subfield code="e">author</marc:subfield>
      </marc:datafield>
      <marc:datafield tag="700" ind1="1" ind2=" ">
         <marc:subfield code="a">Y. Inouye</marc:subfield>
         <marc:subfield code="e">author</marc:subfield>
      </marc:datafield>
      <marc:datafield tag="700" ind1="1" ind2=" ">
         <marc:subfield code="a">S. Kawata</marc:subfield>
         <marc:subfield code="e">author</marc:subfield>
      </marc:datafield>
      
      <marc:datafield tag="655" ind1=" " ind2="7">
         <marc:subfield code="a">journal article</marc:subfield>
      </marc:datafield>
      <marc:datafield tag="655" ind1=" " ind2="7">
         <marc:subfield code="a">article</marc:subfield>
         <marc:subfield code="2">bibtex</marc:subfield>
      </marc:datafield>
      <marc:datafield tag="260" ind1=" " ind2=" "/>
      <marc:datafield tag="520" ind1=" " ind2=" ">
         <marc:subfield code="a">We introduce a method of dye fluorescence excitation and measurement that utilizes a near-field scanning optical microscope (NSOM). This NSOM uses an apertureless metallic probe, and an optical system that contains a high numerical aperture (NA) objective lens (NA = 1.4). When the area which satisfies NA &lt; 1 is masked, the objective lens allows for the rejection of possible transmitted light (NA &lt; 1) through the sample. In such conditions, the focused spot consists of only the evanescent field. We found that this NSOM system strongly reduces the background of the dye fluorescence and allows for the measurement of the fluorescence intensity below the diffraction limit of the excitation source.</marc:subfield>
      </marc:datafield>
      <marc:datafield tag="773" ind1="0" ind2=" ">
         <marc:subfield code="q">194:2-3&lt;472</marc:subfield>
         <marc:subfield code="t">J. Microsc.</marc:subfield>
      </marc:datafield>
      
      <marc:datafield tag="856" ind1=" " ind2=" ">
         <marc:subfield code="u">10.1046/j.1365-2818.1999.00563.x</marc:subfield>
      </marc:datafield>
      <marc:datafield tag="856" ind1=" " ind2=" ">
         <marc:subfield code="u">http://dx.doi.org/10.1046/j.1365-2818.1999.00563.x</marc:subfield>
      </marc:datafield>
   </marc:record>