
   <marc:record>
      <marc:leader>     nam  22     uu 4500</marc:leader>
      <marc:controlfield tag="008">      |           ||||||||||||||||||||||</marc:controlfield>
      <marc:datafield tag="245" ind1="1" ind2="0">
         <marc:subfield code="a">Nano-optics with single quantum systems</marc:subfield>
      </marc:datafield>
      <marc:datafield tag="700" ind1="1" ind2=" ">
         <marc:subfield code="a">Bert Hecht</marc:subfield>
         <marc:subfield code="e">author</marc:subfield>
      </marc:datafield>
      
      <marc:datafield tag="655" ind1=" " ind2="7">
         <marc:subfield code="a">journal article</marc:subfield>
      </marc:datafield>
      <marc:datafield tag="655" ind1=" " ind2="7">
         <marc:subfield code="a">article</marc:subfield>
         <marc:subfield code="2">bibtex</marc:subfield>
      </marc:datafield>
      <marc:datafield tag="260" ind1=" " ind2=" "/>
      <marc:datafield tag="520" ind1=" " ind2=" ">
         <marc:subfield code="a">This paper reviews the recent progress in using single quantum systems, here mainly single fluorescent molecules, as local probes for nano-optical field distributions. We start by discussing the role of the absorption cross-section for the spatial resolution attainable in such experiments and its behaviour for different environmental conditions. It is shown that the spatial distribution of field components in a high-numerical aperture laser focus can be mapped with high precision using single fluorescent molecules embedded in a thin polymer film on glass. With this proof-of-principle experiment as a starting point, the possibility of mapping strongly confined and enhanced nano-optical fields close to material structures, e.g. sharp metal tips, is discussed. The mapping of the spatial distribution of the enhanced field at an etched gold tip using a single molecule is presented as an example. Energy transfer effects and quenching are identified as possible artefacts in this context. Finally, it is demonstrated that the local quenching at a sharp metal structure nevertheless can be exploited as a novel contrast mechanism for ultrahigh-resolution optical microscopy with single-molecule sensitivity.</marc:subfield>
      </marc:datafield>
      <marc:datafield tag="773" ind1="0" ind2=" ">
         <marc:subfield code="q">362:1817&lt;881</marc:subfield>
         <marc:subfield code="t">Phil. Trans. R. Soc. Lond. A</marc:subfield>
      </marc:datafield>
      
      <marc:datafield tag="856" ind1=" " ind2=" ">
         <marc:subfield code="u">10.1098/rsta.2003.1352</marc:subfield>
      </marc:datafield>
      <marc:datafield tag="856" ind1=" " ind2=" ">
         <marc:subfield code="u">http://dx.doi.org/10.1098/rsta.2003.1352</marc:subfield>
      </marc:datafield>
   </marc:record>