
   <marc:record>
      <marc:leader>     nam  22     uu 4500</marc:leader>
      <marc:controlfield tag="008">      |           ||||||||||||||||||||||</marc:controlfield>
      <marc:datafield tag="245" ind1="1" ind2="0">
         <marc:subfield code="a">Carbocyanine Dyes as Efficient Reversible Single-Molecule Optical Switch</marc:subfield>
      </marc:datafield>
      <marc:datafield tag="700" ind1="1" ind2=" ">
         <marc:subfield code="a">Mike Heilemann</marc:subfield>
         <marc:subfield code="e">author</marc:subfield>
      </marc:datafield>
      <marc:datafield tag="700" ind1="1" ind2=" ">
         <marc:subfield code="a">Emmanuel Margeat</marc:subfield>
         <marc:subfield code="e">author</marc:subfield>
      </marc:datafield>
      <marc:datafield tag="700" ind1="1" ind2=" ">
         <marc:subfield code="a">Robert Kasper</marc:subfield>
         <marc:subfield code="e">author</marc:subfield>
      </marc:datafield>
      <marc:datafield tag="700" ind1="1" ind2=" ">
         <marc:subfield code="a">Markus Sauer</marc:subfield>
         <marc:subfield code="e">author</marc:subfield>
      </marc:datafield>
      <marc:datafield tag="700" ind1="1" ind2=" ">
         <marc:subfield code="a">Philip Tinnefeld</marc:subfield>
         <marc:subfield code="e">author</marc:subfield>
      </marc:datafield>
      
      <marc:datafield tag="655" ind1=" " ind2="7">
         <marc:subfield code="a">journal article</marc:subfield>
      </marc:datafield>
      <marc:datafield tag="655" ind1=" " ind2="7">
         <marc:subfield code="a">article</marc:subfield>
         <marc:subfield code="2">bibtex</marc:subfield>
      </marc:datafield>
      <marc:datafield tag="260" ind1=" " ind2=" "/>
      <marc:datafield tag="520" ind1=" " ind2=" ">
         <marc:subfield code="a">We demonstrate that commercially available unmodified carbocyanine dyes such as Cy5 (usually excited at 633 nm) can be used as efficient reversible single-molecule optical switch, whose fluorescent state after apparent photobleaching can be restored at room temperature upon irradiation at shorter wavelengths. Ensemble photobleaching and recovery experiments of Cy5 in aqueous solution irradiating first at 633 nm, then at 337, 488, or 532 nm, demonstrate that restoration of absorption and fluorescence strongly depends on efficient oxygen removal and the addition of the triplet quencher -mercaptoethylamine. Single-molecule fluorescence experiments show that individual immobilized Cy5 molecules can be switched optically in milliseconds by applying alternating excitation at 633 and 488 nm between a fluorescent and nonfluorescent state up to 100 times with a reliability of &gt;90% at room temperature. Because of their intriguing performance, carbocyanine dyes volunteer as a simple alternative for ultrahigh-density optical data storage. Measurements on single donor/acceptor (tetramethylrhodamine/Cy5) labeled oligonucleotides point out that the described light-driven switching behavior imposes fundamental limitations on the use of carbocyanine dyes as energy transfer acceptors for the study of biological processes.</marc:subfield>
      </marc:datafield>
      <marc:datafield tag="650" ind1="1" ind2=" ">
         <marc:subfield code="a">green fluorescent protein</marc:subfield>
         <marc:subfield code="x">resonance energy-transfer</marc:subfield>
         <marc:subfield code="x">spectroscopy</marc:subfield>
         <marc:subfield code="x">system</marc:subfield>
         <marc:subfield code="x">microscopy</marc:subfield>
         <marc:subfield code="x">dynamics</marc:subfield>
         <marc:subfield code="x">dna</marc:subfield>
         <marc:subfield code="x">photochromism</marc:subfield>
         <marc:subfield code="x">excitation</marc:subfield>
         <marc:subfield code="x">terrylene</marc:subfield>
      </marc:datafield>
      <marc:datafield tag="773" ind1="0" ind2=" ">
         <marc:subfield code="q">127:11&lt;3801</marc:subfield>
         <marc:subfield code="t">J. Am. Chem. Soc.</marc:subfield>
      </marc:datafield>
      
      <marc:datafield tag="856" ind1=" " ind2=" ">
         <marc:subfield code="u">10.1021/ja044686x</marc:subfield>
      </marc:datafield>
      <marc:datafield tag="856" ind1=" " ind2=" ">
         <marc:subfield code="u">http://dx.doi.org/10.1021/ja044686x</marc:subfield>
      </marc:datafield>
   </marc:record>