
   <marc:record>
      <marc:leader>     nam  22     uu 4500</marc:leader>
      <marc:controlfield tag="008">      |           ||||||||||||||||||||||</marc:controlfield>
      <marc:datafield tag="245" ind1="1" ind2="0">
         <marc:subfield code="a">Nonlinear spectroscopy and picosecond transient grating study of colloidal gold</marc:subfield>
      </marc:datafield>
      <marc:datafield tag="700" ind1="1" ind2=" ">
         <marc:subfield code="a">E. J. Heilweil</marc:subfield>
         <marc:subfield code="e">author</marc:subfield>
      </marc:datafield>
      <marc:datafield tag="700" ind1="1" ind2=" ">
         <marc:subfield code="a">R. M. Hochstrasser</marc:subfield>
         <marc:subfield code="e">author</marc:subfield>
      </marc:datafield>
      
      <marc:datafield tag="655" ind1=" " ind2="7">
         <marc:subfield code="a">journal article</marc:subfield>
      </marc:datafield>
      <marc:datafield tag="655" ind1=" " ind2="7">
         <marc:subfield code="a">article</marc:subfield>
         <marc:subfield code="2">bibtex</marc:subfield>
      </marc:datafield>
      <marc:datafield tag="260" ind1=" " ind2=" "/>
      <marc:datafield tag="520" ind1=" " ind2=" ">
         <marc:subfield code="a">Measurements of the nonlinear dispersion of chi(3) have been performed on the surface plasmon resonance of aqueous colloidal gold. An analysis of the observed dispersion has revealed that the T1 and T2 lifetimes for the plasmon excitation are extremely rapid (&lt;10-14 s) but the release of heat by the particle electron/thermal reservoir is slower (&gt;2 ps). Picosecond time-resolved transient grating experiments on the same gold sol and organic dye solutions have confirmed that the nonradiative thermal decay of the metal particles occurs on the time scale of tens of picoseconds. The application of these methods to the study of ultrafast nonradiative relaxation mechanisms in molecular systems is discussed.</marc:subfield>
      </marc:datafield>
      <marc:datafield tag="650" ind1="1" ind2=" ">
         <marc:subfield code="a">colloids</marc:subfield>
         <marc:subfield code="x">gold</marc:subfield>
         <marc:subfield code="x">aqueous solutions</marc:subfield>
         <marc:subfield code="x">optical dispersion</marc:subfield>
         <marc:subfield code="x">nonlinear optics</marc:subfield>
         <marc:subfield code="x">optical susceptibility</marc:subfield>
      </marc:datafield>
      <marc:datafield tag="773" ind1="0" ind2=" ">
         <marc:subfield code="q">82:11&lt;4762</marc:subfield>
         <marc:subfield code="t">J. Chem. Phys.</marc:subfield>
      </marc:datafield>
      
      <marc:datafield tag="856" ind1=" " ind2=" ">
         <marc:subfield code="u">10.1063/1.448693</marc:subfield>
      </marc:datafield>
      <marc:datafield tag="856" ind1=" " ind2=" ">
         <marc:subfield code="u">http://link.aip.org/link/?JCP/82/4762/1</marc:subfield>
      </marc:datafield>
      <marc:datafield tag="856" ind1=" " ind2=" ">
         <marc:subfield code="u">http://dx.doi.org/10.1063/1.448693</marc:subfield>
      </marc:datafield>
   </marc:record>