
   <marc:record>
      <marc:leader>     nam  22     uu 4500</marc:leader>
      <marc:controlfield tag="008">      s1996       ||||| ||||||||||||||||</marc:controlfield>
      <marc:datafield tag="245" ind1="1" ind2="0">
         <marc:subfield code="a">Bioconjugate techniques</marc:subfield>
      </marc:datafield>
      <marc:datafield tag="700" ind1="1" ind2=" ">
         <marc:subfield code="a">Greg T. Hermanson</marc:subfield>
         <marc:subfield code="e">author</marc:subfield>
      </marc:datafield>
      
      <marc:datafield tag="655" ind1=" " ind2="7">
         <marc:subfield code="a">book</marc:subfield>
         <marc:subfield code="2">bibtex</marc:subfield>
      </marc:datafield>
      <marc:datafield tag="260" ind1=" " ind2=" ">
         <marc:subfield code="b">Academic Press, San Diego</marc:subfield>
         <marc:subfield code="c">1996</marc:subfield>
      </marc:datafield>
      
         
      
      
      <marc:datafield tag="022" ind1=" " ind2=" ">
         <marc:subfield code="a">0-12-342336-8</marc:subfield>
      </marc:datafield>
   </marc:record>