
   <marc:record>
      <marc:leader>     nam  22     uu 4500</marc:leader>
      <marc:controlfield tag="008">      |           ||||||||||||||||||||||</marc:controlfield>
      <marc:datafield tag="245" ind1="1" ind2="0">
         <marc:subfield code="a">Fluorescence Lifetime Enhancement of Organic Chromophores Attached to Gold Nanoparticles</marc:subfield>
      </marc:datafield>
      <marc:datafield tag="700" ind1="1" ind2=" ">
         <marc:subfield code="a">Florencio E. Hernández</marc:subfield>
         <marc:subfield code="e">author</marc:subfield>
         <marc:subfield code="u">Department of Chemistry, University of Central Florida, P. O. Box 162366, Orlando, Florida 32816-2366</marc:subfield>
      </marc:datafield>
      <marc:datafield tag="700" ind1="1" ind2=" ">
         <marc:subfield code="a">Shenjiang Yu</marc:subfield>
         <marc:subfield code="e">author</marc:subfield>
         <marc:subfield code="u">Department of Chemistry, University of Central Florida, P. O. Box 162366, Orlando, Florida 32816-2366</marc:subfield>
      </marc:datafield>
      <marc:datafield tag="700" ind1="1" ind2=" ">
         <marc:subfield code="a">Marisol García</marc:subfield>
         <marc:subfield code="e">author</marc:subfield>
         <marc:subfield code="u">Department of Chemistry, University of Central Florida, P. O. Box 162366, Orlando, Florida 32816-2366</marc:subfield>
      </marc:datafield>
      <marc:datafield tag="700" ind1="1" ind2=" ">
         <marc:subfield code="a">Andrés D. Campiglia</marc:subfield>
         <marc:subfield code="e">author</marc:subfield>
         <marc:subfield code="u">Department of Chemistry, University of Central Florida, P. O. Box 162366, Orlando, Florida 32816-2366</marc:subfield>
      </marc:datafield>
      
      <marc:datafield tag="655" ind1=" " ind2="7">
         <marc:subfield code="a">journal article</marc:subfield>
      </marc:datafield>
      <marc:datafield tag="655" ind1=" " ind2="7">
         <marc:subfield code="a">article</marc:subfield>
         <marc:subfield code="2">bibtex</marc:subfield>
      </marc:datafield>
      <marc:datafield tag="260" ind1=" " ind2=" "/>
      <marc:datafield tag="520" ind1=" " ind2=" ">
         <marc:subfield code="a">We present for the first time experimental evidence of fluorescence lifetime enhancement of organic chromophores attached to metal nanospheres via radiative decay engineering. The hybrid system (HS) was a modified "diconjugated" molecular probe, 4-acetamido-4'-maleimidylstilbene-2,2'-dithiol (AMDT), covalently bound to the surface of 5-nm-diameter Au nanospheres by its two sulfur atoms, at a distance d &lt; 1 nm and with its molecular axis parallel to the surface of the nanoparticle surface. We measured a fluorescence lifetime increase of a factor of 2 at room temperature (AMDT = (4.32 ± 0.10) ns and HS = (8.73 ± 0.23) ns) and a factor of 3.4 at 4.2 K (AMDT = (2.64 ± 0.07) ns and HS = (7.96 ± 0.14) ns). We also found that the fluorescence quantum yield of this hybrid system is not reduced, proof of a weak energy transfer between the molecular probe and the nanoparticle. These results demonstrate that a molecular dipole oriented parallel to the metal surface tends to be reduced by the coupling with its image.</marc:subfield>
      </marc:datafield>
      <marc:datafield tag="773" ind1="0" ind2=" ">
         <marc:subfield code="q">109:19&lt;9499</marc:subfield>
         <marc:subfield code="t">J. Phys. Chem. B</marc:subfield>
         <marc:subfield code="x">1520-6106</marc:subfield>
      </marc:datafield>
      
      <marc:datafield tag="856" ind1=" " ind2=" ">
         <marc:subfield code="u">10.1021/jp050803e</marc:subfield>
      </marc:datafield>
      <marc:datafield tag="856" ind1=" " ind2=" ">
         <marc:subfield code="u">http://dx.doi.org/10.1021/jp050803e</marc:subfield>
      </marc:datafield>
   </marc:record>