
   <marc:record>
      <marc:leader>     nam  22     uu 4500</marc:leader>
      <marc:controlfield tag="008">      |           ||||||||||||||||||||||</marc:controlfield>
      <marc:datafield tag="245" ind1="1" ind2="0">
         <marc:subfield code="a">Rapid confirmation and revision of the primary structure of bovine serum albumin by ESIMS and frit-FAB LC/MS</marc:subfield>
      </marc:datafield>
      <marc:datafield tag="700" ind1="1" ind2=" ">
         <marc:subfield code="a">Kazuo Hirayama</marc:subfield>
         <marc:subfield code="e">author</marc:subfield>
      </marc:datafield>
      <marc:datafield tag="700" ind1="1" ind2=" ">
         <marc:subfield code="a">Satoko Akashi</marc:subfield>
         <marc:subfield code="e">author</marc:subfield>
      </marc:datafield>
      <marc:datafield tag="700" ind1="1" ind2=" ">
         <marc:subfield code="a">Mami Furuya</marc:subfield>
         <marc:subfield code="e">author</marc:subfield>
      </marc:datafield>
      <marc:datafield tag="700" ind1="1" ind2=" ">
         <marc:subfield code="a">Ken-ichi Fukuhara</marc:subfield>
         <marc:subfield code="e">author</marc:subfield>
      </marc:datafield>
      
      <marc:datafield tag="655" ind1=" " ind2="7">
         <marc:subfield code="a">journal article</marc:subfield>
      </marc:datafield>
      <marc:datafield tag="655" ind1=" " ind2="7">
         <marc:subfield code="a">article</marc:subfield>
         <marc:subfield code="2">bibtex</marc:subfield>
      </marc:datafield>
      <marc:datafield tag="260" ind1=" " ind2=" "/>
      <marc:datafield tag="520" ind1=" " ind2=" ">
         <marc:subfield code="a">Incorrectness of the amino acid sequence of bovine serum albumin (BSA) was suggested from the observed molecular weight of BSA obtained by electrospray ionization mass spectrometry (ESIMS). Lack of a tyrosine residue in the position of 156th was found rapidly, by the combination of frit-fast atom bombardment mass spectrometry/liquid chromatography (Frit-FAB LC/MS), automated Edman degradation and tandem mass spectrometry (MS). Then it turned out that BSA is composed of 583 amino acid residues, and that its average molecular weight is not 66267.1, and it is corrected to 66430.3. Moreover the amino acid sequence of the positions of 94th and 95th was corrected to -QE- by using automated Edman degradation method.</marc:subfield>
      </marc:datafield>
      <marc:datafield tag="773" ind1="0" ind2=" ">
         <marc:subfield code="q">173:2&lt;639</marc:subfield>
         <marc:subfield code="t">Biochem. Biophys. Res. Comm.</marc:subfield>
      </marc:datafield>
      
      <marc:datafield tag="856" ind1=" " ind2=" ">
         <marc:subfield code="u">10.1016/S0006-291X(05)80083-X</marc:subfield>
      </marc:datafield>
      <marc:datafield tag="856" ind1=" " ind2=" ">
         <marc:subfield code="u">http://www.sciencedirect.com/science/article/B6WBK-4HM8G72-W/2/df1b708427b9d9b14e26c26c8e8b141b</marc:subfield>
      </marc:datafield>
      <marc:datafield tag="856" ind1=" " ind2=" ">
         <marc:subfield code="u">http://dx.doi.org/10.1016/S0006-291X(05)80083-X</marc:subfield>
      </marc:datafield>
   </marc:record>