
   <marc:record>
      <marc:leader>     nam  22     uu 4500</marc:leader>
      <marc:controlfield tag="008">      |           ||||||||||||||||||||||</marc:controlfield>
      <marc:datafield tag="245" ind1="1" ind2="0">
         <marc:subfield code="a">Photoinduced Charge Separation Reactions of J-Aggregates Coated on Silver Nanoparticles</marc:subfield>
      </marc:datafield>
      <marc:datafield tag="700" ind1="1" ind2=" ">
         <marc:subfield code="a">Jasmina Hranisavljevic</marc:subfield>
         <marc:subfield code="e">author</marc:subfield>
      </marc:datafield>
      <marc:datafield tag="700" ind1="1" ind2=" ">
         <marc:subfield code="a">Nada M. Dimitrijevic</marc:subfield>
         <marc:subfield code="e">author</marc:subfield>
      </marc:datafield>
      <marc:datafield tag="700" ind1="1" ind2=" ">
         <marc:subfield code="a">Gregory A. Wurtz</marc:subfield>
         <marc:subfield code="e">author</marc:subfield>
      </marc:datafield>
      <marc:datafield tag="700" ind1="1" ind2=" ">
         <marc:subfield code="a">Gary P. Wiederrecht</marc:subfield>
         <marc:subfield code="e">author</marc:subfield>
      </marc:datafield>
      
      <marc:datafield tag="655" ind1=" " ind2="7">
         <marc:subfield code="a">journal article</marc:subfield>
      </marc:datafield>
      <marc:datafield tag="655" ind1=" " ind2="7">
         <marc:subfield code="a">article</marc:subfield>
         <marc:subfield code="2">bibtex</marc:subfield>
      </marc:datafield>
      <marc:datafield tag="260" ind1=" " ind2=" "/>
      <marc:datafield tag="520" ind1=" " ind2=" ">
         <marc:subfield code="a">The photochemistry of cyanine J-aggregates on the surface of colloidal Ag nanoparticles is reported. The photochemistry is initiated through ultrafast photoexcitation of the plasmon band in Ag nanoparticles, producing an enhanced near-field that interacts with the J-aggregate monolayer. Through transient absorption spectroscopy, we show that photoexcitation of the plasmon in Ag nanoparticles leads to exciton dynamics that differ strongly from J-aggregates alone or for J-aggregate monolayers on bulk metal surfaces. Specifically, charge-separated states with a lifetime of  300 ps between the J-aggregate and Ag colloid are formed. The reduction of the Ag nanoparticles is shown to be a multielectron process.</marc:subfield>
      </marc:datafield>
      <marc:datafield tag="773" ind1="0" ind2=" ">
         <marc:subfield code="q">124:17&lt;4536</marc:subfield>
         <marc:subfield code="t">J. Am. Chem. Soc.</marc:subfield>
      </marc:datafield>
      
      <marc:datafield tag="856" ind1=" " ind2=" ">
         <marc:subfield code="u">10.1021/ja012263e</marc:subfield>
      </marc:datafield>
      <marc:datafield tag="856" ind1=" " ind2=" ">
         <marc:subfield code="u">http://pubs.acs.org/cgi-bin/abstract.cgi/jacsat/2002/124/i17/abs/ja012263e.html</marc:subfield>
      </marc:datafield>
      <marc:datafield tag="856" ind1=" " ind2=" ">
         <marc:subfield code="u">http://dx.doi.org/10.1021/ja012263e</marc:subfield>
      </marc:datafield>
   </marc:record>