
   <marc:record>
      <marc:leader>     nam  22     uu 4500</marc:leader>
      <marc:controlfield tag="008">      |           ||||||||||||||||||||||</marc:controlfield>
      <marc:datafield tag="245" ind1="1" ind2="0">
         <marc:subfield code="a">Correlated topographic and spectroscopic imaging beyond diffraction limit by atomic force microscopy metallic tip-enhanced near-field fluorescence lifetime microscopy</marc:subfield>
      </marc:datafield>
      <marc:datafield tag="700" ind1="1" ind2=" ">
         <marc:subfield code="a">Dehong Hu</marc:subfield>
         <marc:subfield code="e">author</marc:subfield>
      </marc:datafield>
      <marc:datafield tag="700" ind1="1" ind2=" ">
         <marc:subfield code="a">Miodrag Micic</marc:subfield>
         <marc:subfield code="e">author</marc:subfield>
      </marc:datafield>
      <marc:datafield tag="700" ind1="1" ind2=" ">
         <marc:subfield code="a">Nicholas Klymyshyn</marc:subfield>
         <marc:subfield code="e">author</marc:subfield>
      </marc:datafield>
      <marc:datafield tag="700" ind1="1" ind2=" ">
         <marc:subfield code="a">Yung Doug Suh</marc:subfield>
         <marc:subfield code="e">author</marc:subfield>
      </marc:datafield>
      <marc:datafield tag="700" ind1="1" ind2=" ">
         <marc:subfield code="a">H. Peter Lu</marc:subfield>
         <marc:subfield code="e">author</marc:subfield>
      </marc:datafield>
      
      <marc:datafield tag="655" ind1=" " ind2="7">
         <marc:subfield code="a">journal article</marc:subfield>
      </marc:datafield>
      <marc:datafield tag="655" ind1=" " ind2="7">
         <marc:subfield code="a">article</marc:subfield>
         <marc:subfield code="2">bibtex</marc:subfield>
      </marc:datafield>
      <marc:datafield tag="260" ind1=" " ind2=" "/>
      <marc:datafield tag="520" ind1=" " ind2=" ">
         <marc:subfield code="a">A near-field optical imaging approach is demonstrated for simultaneous topographic and spectroscopic imaging with spatial resolution beyond the optical diffraction limit. The method combines metallic-tip-based tapping-mode atomic force microscopy (AFM) with fluorescence lifetime imaging microscopy (FLIM). The AFM metallic tip was formed by sputter coating a Si tapping mode tip with Au, in a way that forms a globular tip apex. Such tip apex generates high local electric field enhancement under laser illumination, which provides a strong electric-field interaction between the AFM tip and the fluorescent molecules under the tip. The tip perturbation of fluorescence gives the fluorescence lifetime changes that provide the AFM-FLIM imaging contrast. A finite element method simulation was used to further evaluate the electric near-field enhancement and electric field distribution originating from the metallic Au-coated AFM tapping-mode tip. We have demonstrated that spatially mapping the change in fluorescence lifetime and intensity is a promising approach to spectroscopic imaging at an AFM spatial resolution typically defined by the apex diameter of the AFM tips. The globular Au-coated AFM tip not only gives adequate spatial AFM tapping-mode imaging spatial resolution but also is "environmentally friendly" to soft samples, such as polymeric dye-labeled nanospheres and even biological specimens such as POPO-3 labeled DNA.</marc:subfield>
      </marc:datafield>
      <marc:datafield tag="650" ind1="1" ind2=" ">
         <marc:subfield code="a">atomic force microscopy</marc:subfield>
         <marc:subfield code="x">radiative lifetimes</marc:subfield>
         <marc:subfield code="x">fluorescence</marc:subfield>
         <marc:subfield code="x">finite element analysis</marc:subfield>
         <marc:subfield code="x">silicon</marc:subfield>
         <marc:subfield code="x">gold</marc:subfield>
         <marc:subfield code="x">near-field scanning optical microscopy</marc:subfield>
         <marc:subfield code="x">biological techniques</marc:subfield>
      </marc:datafield>
      <marc:datafield tag="773" ind1="0" ind2=" ">
         <marc:subfield code="q">74:7&lt;3347</marc:subfield>
         <marc:subfield code="t">Rev. Sci. Instr.</marc:subfield>
      </marc:datafield>
      
      <marc:datafield tag="856" ind1=" " ind2=" ">
         <marc:subfield code="u">10.1063/1.1581359</marc:subfield>
      </marc:datafield>
      <marc:datafield tag="856" ind1=" " ind2=" ">
         <marc:subfield code="u">http://dx.doi.org/10.1063/1.1581359</marc:subfield>
      </marc:datafield>
   </marc:record>