
   <marc:record>
      <marc:leader>     nam  22     uu 4500</marc:leader>
      <marc:controlfield tag="008">      |           ||||||||||||||||||||||</marc:controlfield>
      <marc:datafield tag="245" ind1="1" ind2="0">
         <marc:subfield code="a">Quenching of [Ru(bpy)3]2+ Fluorescence by Binding to Au Nanoparticles</marc:subfield>
      </marc:datafield>
      <marc:datafield tag="700" ind1="1" ind2=" ">
         <marc:subfield code="a">Tao Huang</marc:subfield>
         <marc:subfield code="e">author</marc:subfield>
      </marc:datafield>
      <marc:datafield tag="700" ind1="1" ind2=" ">
         <marc:subfield code="a">Royce W. Murray</marc:subfield>
         <marc:subfield code="e">author</marc:subfield>
      </marc:datafield>
      
      <marc:datafield tag="655" ind1=" " ind2="7">
         <marc:subfield code="a">journal article</marc:subfield>
      </marc:datafield>
      <marc:datafield tag="655" ind1=" " ind2="7">
         <marc:subfield code="a">article</marc:subfield>
         <marc:subfield code="2">bibtex</marc:subfield>
      </marc:datafield>
      <marc:datafield tag="260" ind1=" " ind2=" "/>
      <marc:datafield tag="520" ind1=" " ind2=" ">
         <marc:subfield code="a">Gold nanoparticles coated with stabilizing thiolate monolayers of N-(2-mercaptopropionyl)glycine (tiopronin) and N, N-trimethyl(undecylmercapto)ammonium quench the fluorescence of [Ru(bpy)3]2+ in aqueous solution. The tiopronin monolayer protected clusters (MPCs) exert energy-transfer quenching by both collisional quenching and by static quenching in electrostatic complexes formed between [Ru(bpy)3]2+ and the tiopronin carboxylate groups. The electrostatic binding is pH-dependent and can be released by addition of electrolyte (e.g., K+, Bu4N+, and Ca2+ salts, which are increasingly effective in the order given). The tiopronin MPC quenching of [Ru(bpy)3]2+ fluorescence follows Stern-Volmer relations for plots of Fo/F against MPC concentration and Fo/F against electrolyte concentration at constant MPC concentration. Quenching and electrolyte binding constants were derived. MPCs with average Au core diameters of 2.2 nm (average) exhibited quenching constants that are 20-fold larger than those for 1.8-nm diameter.</marc:subfield>
      </marc:datafield>
      <marc:datafield tag="773" ind1="0" ind2=" ">
         <marc:subfield code="q">18:18&lt;7077</marc:subfield>
         <marc:subfield code="t">Langmuir</marc:subfield>
      </marc:datafield>
      
      <marc:datafield tag="856" ind1=" " ind2=" ">
         <marc:subfield code="u">10.1021/la025948g</marc:subfield>
      </marc:datafield>
      <marc:datafield tag="856" ind1=" " ind2=" ">
         <marc:subfield code="u">http://pubs.acs.org/cgi-bin/abstract.cgi/langd5/2002/18/i18/abs/la025948g.html</marc:subfield>
      </marc:datafield>
      <marc:datafield tag="856" ind1=" " ind2=" ">
         <marc:subfield code="u">http://dx.doi.org/10.1021/la025948g</marc:subfield>
      </marc:datafield>
   </marc:record>