
   <marc:record>
      <marc:leader>     nam  22     uu 4500</marc:leader>
      <marc:controlfield tag="008">      |           ||||||||||||||||||||||</marc:controlfield>
      <marc:datafield tag="245" ind1="1" ind2="0">
         <marc:subfield code="a">Near-field coupling of a single fluorescent molecule and a spherical gold nanoparticle</marc:subfield>
      </marc:datafield>
      <marc:datafield tag="700" ind1="1" ind2=" ">
         <marc:subfield code="a">T. Härtling</marc:subfield>
         <marc:subfield code="e">author</marc:subfield>
      </marc:datafield>
      <marc:datafield tag="700" ind1="1" ind2=" ">
         <marc:subfield code="a">P. Reichenbach</marc:subfield>
         <marc:subfield code="e">author</marc:subfield>
      </marc:datafield>
      <marc:datafield tag="700" ind1="1" ind2=" ">
         <marc:subfield code="a">L. M. Eng</marc:subfield>
         <marc:subfield code="e">author</marc:subfield>
      </marc:datafield>
      
      <marc:datafield tag="655" ind1=" " ind2="7">
         <marc:subfield code="a">journal article</marc:subfield>
      </marc:datafield>
      <marc:datafield tag="655" ind1=" " ind2="7">
         <marc:subfield code="a">article</marc:subfield>
         <marc:subfield code="2">bibtex</marc:subfield>
      </marc:datafield>
      <marc:datafield tag="260" ind1=" " ind2=" "/>
      <marc:datafield tag="520" ind1=" " ind2=" ">
         <marc:subfield code="a">Near-field coupling of a single gold nanoparticle (GNP) to a single fluorescent molecule is investigated here for varying separation d between the two. While the emission quantum efficiency of the coupled system generally decreases for d!0, a pronounced near-field enhancement is observed under certain conditions, partly outweighing the efficiency loss at small distances. We report on optimizing these conditions by varying the excitation field direction and the three-dimensional relative configuration between the GNP and the fluorophore. Furthermore, we examine how the sphere diameter, the surrounding medium, as well as the absorption and emission wavelengths of the molecular dipole influence the fluorescence yield. Our results are of high practical relevance for all GNP-mediated application fields such as fluorescence microscopy, scattering near-field optical microscopy, bioanalytics, and medical applications.</marc:subfield>
      </marc:datafield>
      <marc:datafield tag="650" ind1="1" ind2=" ">
         <marc:subfield code="a">Fluorescence microscopy</marc:subfield>
         <marc:subfield code="x">Surface plasmons</marc:subfield>
         <marc:subfield code="x">Fluorescence</marc:subfield>
      </marc:datafield>
      <marc:datafield tag="773" ind1="0" ind2=" ">
         <marc:subfield code="q">15:20&lt;12806</marc:subfield>
         <marc:subfield code="t">Opt. Express</marc:subfield>
      </marc:datafield>
      
      <marc:datafield tag="856" ind1=" " ind2=" ">
         <marc:subfield code="u">http://www.opticsexpress.org/abstract.cfm?URI=oe-15-20-12806</marc:subfield>
      </marc:datafield>
   </marc:record>