
   <marc:record>
      <marc:leader>     nam  22     uu 4500</marc:leader>
      <marc:controlfield tag="008">      |           ||||||||||||||||||||||</marc:controlfield>
      <marc:datafield tag="245" ind1="1" ind2="0">
         <marc:subfield code="a">High Precision Cell Surgery with Nanoparticles?</marc:subfield>
      </marc:datafield>
      <marc:datafield tag="700" ind1="1" ind2=" ">
         <marc:subfield code="a">G. Hüttmann</marc:subfield>
         <marc:subfield code="e">author</marc:subfield>
      </marc:datafield>
      <marc:datafield tag="700" ind1="1" ind2=" ">
         <marc:subfield code="a">B. Radt</marc:subfield>
         <marc:subfield code="e">author</marc:subfield>
      </marc:datafield>
      <marc:datafield tag="700" ind1="1" ind2=" ">
         <marc:subfield code="a">J. Serbin</marc:subfield>
         <marc:subfield code="e">author</marc:subfield>
      </marc:datafield>
      <marc:datafield tag="700" ind1="1" ind2=" ">
         <marc:subfield code="a">B. I. Lange</marc:subfield>
         <marc:subfield code="e">author</marc:subfield>
      </marc:datafield>
      <marc:datafield tag="700" ind1="1" ind2=" ">
         <marc:subfield code="a">R. Birngruber</marc:subfield>
         <marc:subfield code="e">author</marc:subfield>
      </marc:datafield>
      
      <marc:datafield tag="655" ind1=" " ind2="7">
         <marc:subfield code="a">journal article</marc:subfield>
      </marc:datafield>
      <marc:datafield tag="655" ind1=" " ind2="7">
         <marc:subfield code="a">article</marc:subfield>
         <marc:subfield code="2">bibtex</marc:subfield>
      </marc:datafield>
      <marc:datafield tag="260" ind1=" " ind2=" "/>
      <marc:datafield tag="520" ind1=" " ind2=" ">
         <marc:subfield code="a">Irradiation of nanoabsorbers with pico- and nanosecond laser pulses could result in thermal effects with a spatial confinement of less than 50 nm. Therefore absorbing nanoparticles may be used for creating controlled intracellular effects. Conjugates of colloidal gold and alkaline phosphatase (aP) are presented as a model system for investigating protein inactivation in the vicinity of strongly absorbing nanoparticles. aP was coupled either directly or via antibodies to 15 nm gold particles. These conjugates were irradiated with picosecond pulses emitted by a frequency doubled Nd:YLF laser. Denaturation was detected as a loss of protein function with the help of a fluorescence assay. Irradiation with 104 pulses resulted in the inactivation of aP at an irradiance of 50 mJ/cm2 per pulse when the protein was coupled directly to the particles. With similar irradiation parameters a significant inactivation of aP which was coupled not directly but via two antibodies to the gold, was not observed. This shows that inactivating proteins with nanoabsorbers under irradiation with picosecond laser pulses is possible with a high spatial confinement. However, from these experiments it is difficult to determine whether the aP was destroyed thermally or whether it was inactivated by a photochemical reaction. Therefore, further experiments are needed to elucidate the damage mechanisms.</marc:subfield>
      </marc:datafield>
      <marc:datafield tag="773" ind1="0" ind2=" ">
         <marc:subfield code="q">17:1&lt;9</marc:subfield>
         <marc:subfield code="t">Medical Laser Application</marc:subfield>
      </marc:datafield>
      
      <marc:datafield tag="856" ind1=" " ind2=" ">
         <marc:subfield code="u">10.1078/1615-1615-00039</marc:subfield>
      </marc:datafield>
      <marc:datafield tag="856" ind1=" " ind2=" ">
         <marc:subfield code="u">http://dx.doi.org/10.1078/1615-1615-00039</marc:subfield>
      </marc:datafield>
   </marc:record>