
   <marc:record>
      <marc:leader>     nam  22     uu 4500</marc:leader>
      <marc:controlfield tag="008">      |           ||||||||||||||||||||||</marc:controlfield>
      <marc:datafield tag="245" ind1="1" ind2="0">
         <marc:subfield code="a">Porphyrin Monolayer-Modified Gold Clusters as Photoactive Materials</marc:subfield>
      </marc:datafield>
      <marc:datafield tag="700" ind1="1" ind2=" ">
         <marc:subfield code="a">H. Imahori</marc:subfield>
         <marc:subfield code="e">author</marc:subfield>
      </marc:datafield>
      <marc:datafield tag="700" ind1="1" ind2=" ">
         <marc:subfield code="a">S. Fukuzumi</marc:subfield>
         <marc:subfield code="e">author</marc:subfield>
      </marc:datafield>
      
      <marc:datafield tag="655" ind1=" " ind2="7">
         <marc:subfield code="a">journal article</marc:subfield>
      </marc:datafield>
      <marc:datafield tag="655" ind1=" " ind2="7">
         <marc:subfield code="a">article</marc:subfield>
         <marc:subfield code="2">bibtex</marc:subfield>
      </marc:datafield>
      <marc:datafield tag="260" ind1=" " ind2=" "/>
      <marc:datafield tag="520" ind1=" " ind2=" ">
         <marc:subfield code="a">Porphyrin monolayer-modified gold clusters (three-dimensional system) have been prepared successfully. Their electrochemical and photophysical properties have been compared to those of the corresponding two-dimensional system of self-assembled monolayers (SAMs) of the porphyrin as well as the bis(porphyrin) disulfide reference in solutions. In particular, the time-resolved single-photon counting fluorescence studies have indicated that the undesirable quenching of the porphyrin excited singlet state via energy transfer to the gold surface of the three-dimensional system is much suppressed, as compared to the quenching of the porphyrin SAMs on the two-dimensional flat gold surface. Thus, the present systems have a variety of potential utility for development of the artificial photosynthetic materials, photocatalysts, and chemical and biochemical sensors using fluorescent chromophore-monolayer modified gold clusters.</marc:subfield>
      </marc:datafield>
      <marc:datafield tag="650" ind1="1" ind2=" ">
         <marc:subfield code="a">Fluorescence</marc:subfield>
         <marc:subfield code="x">Gold clusters</marc:subfield>
         <marc:subfield code="x">Photo-active materials</marc:subfield>
         <marc:subfield code="x">Porphyrins</marc:subfield>
      </marc:datafield>
      <marc:datafield tag="773" ind1="0" ind2=" ">
         <marc:subfield code="q">13:15&lt;1197</marc:subfield>
         <marc:subfield code="t">Adv. Mater.</marc:subfield>
      </marc:datafield>
      
      <marc:datafield tag="856" ind1=" " ind2=" ">
         <marc:subfield code="u">10.1002/1521-4095(200108)13:15&lt;1197::AID-ADMA1197&gt;3.0. CO;2-4</marc:subfield>
      </marc:datafield>
      <marc:datafield tag="856" ind1=" " ind2=" ">
         <marc:subfield code="u">http://dx.doi.org/10.1002/1521-4095(200108)13:15&lt;1197::AID-ADMA1197&gt;3.0. CO;2-4</marc:subfield>
      </marc:datafield>
   </marc:record>