
   <marc:record>
      <marc:leader>     nam  22     uu 4500</marc:leader>
      <marc:controlfield tag="008">      |           ||||||||||||||||||||||</marc:controlfield>
      <marc:datafield tag="245" ind1="1" ind2="0">
         <marc:subfield code="a">Structure and Photophysical Properties of Porphyrin-Modified Metal Nanoclusters with Different Chain Lengths</marc:subfield>
      </marc:datafield>
      <marc:datafield tag="700" ind1="1" ind2=" ">
         <marc:subfield code="a">Hiroshi Imahori</marc:subfield>
         <marc:subfield code="e">author</marc:subfield>
      </marc:datafield>
      <marc:datafield tag="700" ind1="1" ind2=" ">
         <marc:subfield code="a">Yukiyasu Kashiwagi</marc:subfield>
         <marc:subfield code="e">author</marc:subfield>
      </marc:datafield>
      <marc:datafield tag="700" ind1="1" ind2=" ">
         <marc:subfield code="a">Yoshiyuki Endo</marc:subfield>
         <marc:subfield code="e">author</marc:subfield>
      </marc:datafield>
      <marc:datafield tag="700" ind1="1" ind2=" ">
         <marc:subfield code="a">Takeshi Hanada</marc:subfield>
         <marc:subfield code="e">author</marc:subfield>
      </marc:datafield>
      <marc:datafield tag="700" ind1="1" ind2=" ">
         <marc:subfield code="a">Yoshinobu Nishimura</marc:subfield>
         <marc:subfield code="e">author</marc:subfield>
      </marc:datafield>
      <marc:datafield tag="700" ind1="1" ind2=" ">
         <marc:subfield code="a">Iwao Yamazaki</marc:subfield>
         <marc:subfield code="e">author</marc:subfield>
      </marc:datafield>
      <marc:datafield tag="700" ind1="1" ind2=" ">
         <marc:subfield code="a">Yasuyuki Araki</marc:subfield>
         <marc:subfield code="e">author</marc:subfield>
      </marc:datafield>
      <marc:datafield tag="700" ind1="1" ind2=" ">
         <marc:subfield code="a">Osamu Ito</marc:subfield>
         <marc:subfield code="e">author</marc:subfield>
      </marc:datafield>
      <marc:datafield tag="700" ind1="1" ind2=" ">
         <marc:subfield code="a">Shunichi Fukuzumi</marc:subfield>
         <marc:subfield code="e">author</marc:subfield>
      </marc:datafield>
      
      <marc:datafield tag="655" ind1=" " ind2="7">
         <marc:subfield code="a">journal article</marc:subfield>
      </marc:datafield>
      <marc:datafield tag="655" ind1=" " ind2="7">
         <marc:subfield code="a">article</marc:subfield>
         <marc:subfield code="2">bibtex</marc:subfield>
      </marc:datafield>
      <marc:datafield tag="260" ind1=" " ind2=" "/>
      <marc:datafield tag="520" ind1=" " ind2=" ">
         <marc:subfield code="a">Three-dimensional porphyrin-monolayer-protected gold clusters with different chain lengths (MPCs) have been prepared to examine the structure and photophysical properties, in comparison with self-assembled monolayers (SAMs) of the porphyrins on a flat gold surface. The three-dimensional porphyrin MPCs exhibit electrochemical and photophysical properties that are much closer to those of a porphyrin reference compound in solution than those of two-dimensional porphyrin SAMs on the flat gold surface. The three-dimensional architectures of porphyrin MPCs with large surface area have improved the light-harvesting efficiency relative to the corresponding porphyrin SAM on the two-dimensional flat gold surface. Time-resolved single photon counting fluorescence and transient absorption spectroscopic studies have demonstrated that undesirable quenching of the porphyrin excited singlet state via energy transfer to the gold surface of the three-dimensional MPCs is much suppressed, as compared to the quenching of the porphyrin SAMs on the two-dimensional flat gold surface. Both the quenching rate constants of the porphyrin excited singlet state by the surfaces of bulk gold and gold nanoclusters reveal weak chain length dependence of the energy transfer quenching.</marc:subfield>
      </marc:datafield>
      <marc:datafield tag="773" ind1="0" ind2=" ">
         <marc:subfield code="q">20:1&lt;73</marc:subfield>
         <marc:subfield code="t">Langmuir</marc:subfield>
      </marc:datafield>
      
      <marc:datafield tag="856" ind1=" " ind2=" ">
         <marc:subfield code="u">10.1021/la035435p</marc:subfield>
      </marc:datafield>
      <marc:datafield tag="856" ind1=" " ind2=" ">
         <marc:subfield code="u">http://dx.doi.org/10.1021/la035435p</marc:subfield>
      </marc:datafield>
   </marc:record>