
   <marc:record>
      <marc:leader>     nam  22     uu 4500</marc:leader>
      <marc:controlfield tag="008">      |           ||||||||||||||||||||||</marc:controlfield>
      <marc:datafield tag="245" ind1="1" ind2="0">
         <marc:subfield code="a">Chain Length Effect on the Structure and Photoelectrochemical Properties of Self-Assembled Monolayers of Porphyrins on Gold Electrodes</marc:subfield>
      </marc:datafield>
      <marc:datafield tag="700" ind1="1" ind2=" ">
         <marc:subfield code="a">Hiroshi Imahori</marc:subfield>
         <marc:subfield code="e">author</marc:subfield>
      </marc:datafield>
      <marc:datafield tag="700" ind1="1" ind2=" ">
         <marc:subfield code="a">Hiroyuki Norieda</marc:subfield>
         <marc:subfield code="e">author</marc:subfield>
      </marc:datafield>
      <marc:datafield tag="700" ind1="1" ind2=" ">
         <marc:subfield code="a">Yoshinobu Nishimura</marc:subfield>
         <marc:subfield code="e">author</marc:subfield>
      </marc:datafield>
      <marc:datafield tag="700" ind1="1" ind2=" ">
         <marc:subfield code="a">Iwao Yamazaki</marc:subfield>
         <marc:subfield code="e">author</marc:subfield>
      </marc:datafield>
      <marc:datafield tag="700" ind1="1" ind2=" ">
         <marc:subfield code="a">Kazuo Higuchi</marc:subfield>
         <marc:subfield code="e">author</marc:subfield>
      </marc:datafield>
      <marc:datafield tag="700" ind1="1" ind2=" ">
         <marc:subfield code="a">Naohiko Kato</marc:subfield>
         <marc:subfield code="e">author</marc:subfield>
      </marc:datafield>
      <marc:datafield tag="700" ind1="1" ind2=" ">
         <marc:subfield code="a">Tomoyoshi Motohiro</marc:subfield>
         <marc:subfield code="e">author</marc:subfield>
      </marc:datafield>
      <marc:datafield tag="700" ind1="1" ind2=" ">
         <marc:subfield code="a">Hiroko Yamada</marc:subfield>
         <marc:subfield code="e">author</marc:subfield>
      </marc:datafield>
      <marc:datafield tag="700" ind1="1" ind2=" ">
         <marc:subfield code="a">Koichi Tamaki</marc:subfield>
         <marc:subfield code="e">author</marc:subfield>
      </marc:datafield>
      <marc:datafield tag="700" ind1="1" ind2=" ">
         <marc:subfield code="a">Masatoshi Arimura</marc:subfield>
         <marc:subfield code="e">author</marc:subfield>
      </marc:datafield>
      <marc:datafield tag="700" ind1="1" ind2=" ">
         <marc:subfield code="a">Yoshiteru Sakata</marc:subfield>
         <marc:subfield code="e">author</marc:subfield>
      </marc:datafield>
      
      <marc:datafield tag="655" ind1=" " ind2="7">
         <marc:subfield code="a">journal article</marc:subfield>
      </marc:datafield>
      <marc:datafield tag="655" ind1=" " ind2="7">
         <marc:subfield code="a">article</marc:subfield>
         <marc:subfield code="2">bibtex</marc:subfield>
      </marc:datafield>
      <marc:datafield tag="260" ind1=" " ind2=" "/>
      <marc:datafield tag="520" ind1=" " ind2=" ">
         <marc:subfield code="a">Disulfides, with a systematic series of alkyl spacers containing porphyrins at both terminals, were prepared to investigate the effect of the spacer length on the structure and photoelectrochemical properties of self-assembled monolayers (SAMs) of the porphyrins on a gold electrode. The structure of the SAMs was studied using ultraviolet (UV)-visible absorption spectroscopy in transmission mode, cyclic voltammetry, UV-visible ellipsometry, and fluorescence spectroscopy. These measurements showed that as the length of the spacers increases, the SAMs tend to form highly ordered structures on the gold electrodes. In addition, the structures of the monolayers vary depending on the even and odd number of the methylene spacers (n). From these measurements a porphyrin dimer model is proposed in that the two porphyrins take J-aggregate-like partially stacked structures in the monolayers. Photoelectrochemical studies were carried out in argon-saturated Na2SO4 aqueous solution containing methyl viologen as an electron carrier using the modified gold working electrode, a platinum wire counter electrode, and a Ag/AgCl reference electrode. The quantum yield increases in a zigzag fashion with an increase in the spacer length up to n equals 6 and then starts decreasing slightly as the chain lengths become longer. A plausible explanation for the photocurrent trend comes from the following points: (i) there are two competitive deactivation pathways for the excited singlet state of the porphyrin dimer, i.e., the quenching by the electrode via energy transfer and by the electron carrier via electron transfer, (ii) the porphyrin aggregation enhances the rate of nonradiative pathway in the excited state, and (iii) the electron transfer rate from the gold electrode to the resulting porphyrin cation radical decreases with an increase of the spacer lengths. These results will provide basic information for the construction of molecular assembly with photoactive function on surface.</marc:subfield>
      </marc:datafield>
      <marc:datafield tag="773" ind1="0" ind2=" ">
         <marc:subfield code="q">104:6&lt;1253</marc:subfield>
         <marc:subfield code="t">J. Phys. Chem. B</marc:subfield>
      </marc:datafield>
      
      <marc:datafield tag="856" ind1=" " ind2=" ">
         <marc:subfield code="u">10.1021/jp992768f</marc:subfield>
      </marc:datafield>
      <marc:datafield tag="856" ind1=" " ind2=" ">
         <marc:subfield code="u">http://dx.doi.org/10.1021/jp992768f</marc:subfield>
      </marc:datafield>
   </marc:record>