
   <marc:record>
      <marc:leader>     nam  22     uu 4500</marc:leader>
      <marc:controlfield tag="008">      |           ||||||||||||||||||||||</marc:controlfield>
      <marc:datafield tag="245" ind1="1" ind2="0">
         <marc:subfield code="a">Light-Harvesting and Photocurrent Generation by Gold Electrodes Modified with Mixed Self-Assembled Monolayers of Boron-Dipyrrin and Ferrocene-Porphyrin-Fullerene Triad</marc:subfield>
      </marc:datafield>
      <marc:datafield tag="700" ind1="1" ind2=" ">
         <marc:subfield code="a">Hiroshi Imahori</marc:subfield>
         <marc:subfield code="e">author</marc:subfield>
      </marc:datafield>
      <marc:datafield tag="700" ind1="1" ind2=" ">
         <marc:subfield code="a">Hiroyuki Norieda</marc:subfield>
         <marc:subfield code="e">author</marc:subfield>
      </marc:datafield>
      <marc:datafield tag="700" ind1="1" ind2=" ">
         <marc:subfield code="a">Hiroko Yamada</marc:subfield>
         <marc:subfield code="e">author</marc:subfield>
      </marc:datafield>
      <marc:datafield tag="700" ind1="1" ind2=" ">
         <marc:subfield code="a">Yoshinobu Nishimura</marc:subfield>
         <marc:subfield code="e">author</marc:subfield>
      </marc:datafield>
      <marc:datafield tag="700" ind1="1" ind2=" ">
         <marc:subfield code="a">Iwao Yamazaki</marc:subfield>
         <marc:subfield code="e">author</marc:subfield>
      </marc:datafield>
      <marc:datafield tag="700" ind1="1" ind2=" ">
         <marc:subfield code="a">Yoshiteru Sakata</marc:subfield>
         <marc:subfield code="e">author</marc:subfield>
      </marc:datafield>
      <marc:datafield tag="700" ind1="1" ind2=" ">
         <marc:subfield code="a">Shunichi Fukuzumi</marc:subfield>
         <marc:subfield code="e">author</marc:subfield>
      </marc:datafield>
      
      <marc:datafield tag="655" ind1=" " ind2="7">
         <marc:subfield code="a">journal article</marc:subfield>
      </marc:datafield>
      <marc:datafield tag="655" ind1=" " ind2="7">
         <marc:subfield code="a">article</marc:subfield>
         <marc:subfield code="2">bibtex</marc:subfield>
      </marc:datafield>
      <marc:datafield tag="260" ind1=" " ind2=" "/>
      <marc:datafield tag="520" ind1=" " ind2=" ">
         <marc:subfield code="a">Three different kinds of mixed self-assembled monolayers have been prepared to mimic photosynthetic energy and electron transfer on a gold surface. Pyrene and boron-dipyrrin were chosen as a light-harvesting model. The mixed self-assembled monolayers of pyrene (or boron-dipyrrin) and porphyrin (energy acceptor model) reveal photoinduced singlet-singlet energy transfer from the pyrene (or boron-dipyrrin) to the porphyrin on the gold surface. The boron-dipyrrin has also been combined with a reaction center model, ferrocene-porphyrin-fullerene triad, to construct integrated artificial photosynthetic assemblies on a gold electrode using mixed monolayers of the respective self-assembled unit. The mixed self-assembled monolayers on the gold electrode have established a cascade of photoinduced energy transfer and multistep electron transfer, leading to the production of photocurrent output with the highest quantum yield (50 ± 8 reported for photocurrent generation at monolayer-modified metal electrodes and across artificial membranes using donor-acceptor linked molecules. The incident photon-to-current efficiency (IPCE) of the photoelectrochemical cell at 510 and 430 nm was determined as 0.6 and 1.6 example of an artificial photosynthetic system, which not only mimics light-harvesting and charge separation processes in photosynthesis but also acts as an efficient light-to-current converter in molecular devices.</marc:subfield>
      </marc:datafield>
      <marc:datafield tag="773" ind1="0" ind2=" ">
         <marc:subfield code="q">123:1&lt;100</marc:subfield>
         <marc:subfield code="t">J. Am. Chem. Soc.</marc:subfield>
      </marc:datafield>
      
      <marc:datafield tag="856" ind1=" " ind2=" ">
         <marc:subfield code="u">10.1021/ja002154k</marc:subfield>
      </marc:datafield>
      <marc:datafield tag="856" ind1=" " ind2=" ">
         <marc:subfield code="u">http://pubs.acs.org/cgi-bin/abstract.cgi/jacsat/2001/123/i01/abs/ja002154k.html</marc:subfield>
      </marc:datafield>
      <marc:datafield tag="856" ind1=" " ind2=" ">
         <marc:subfield code="u">http://dx.doi.org/10.1021/ja002154k</marc:subfield>
      </marc:datafield>
   </marc:record>