
   <marc:record>
      <marc:leader>     nam  22     uu 4500</marc:leader>
      <marc:controlfield tag="008">      |           ||||||||||||||||||||||</marc:controlfield>
      <marc:datafield tag="245" ind1="1" ind2="0">
         <marc:subfield code="a">Surface Enhanced Raman Scattering by Metal Spheres. I. Cluster Effect</marc:subfield>
      </marc:datafield>
      <marc:datafield tag="700" ind1="1" ind2=" ">
         <marc:subfield code="a">Masahiro Inoue</marc:subfield>
         <marc:subfield code="e">author</marc:subfield>
      </marc:datafield>
      <marc:datafield tag="700" ind1="1" ind2=" ">
         <marc:subfield code="a">Kazuo Ohtaka</marc:subfield>
         <marc:subfield code="e">author</marc:subfield>
      </marc:datafield>
      
      <marc:datafield tag="655" ind1=" " ind2="7">
         <marc:subfield code="a">journal article</marc:subfield>
      </marc:datafield>
      <marc:datafield tag="655" ind1=" " ind2="7">
         <marc:subfield code="a">article</marc:subfield>
         <marc:subfield code="2">bibtex</marc:subfield>
      </marc:datafield>
      <marc:datafield tag="260" ind1=" " ind2=" "/>
      <marc:datafield tag="520" ind1=" " ind2=" ">
         <marc:subfield code="a">An electromagnetic theory for the light absorption by a cluster of metal spheres and the Raman scattering by a molecule adsorbed on it is presented, which takes into account the retardation effect exactly and is applicable to an arbitrary cluster size. The theory is applied to a two-sphere cluster of Ag and Au. It is shown that the absorption spectrum is doubly peaked and the maximum enhancement factor of the Raman intensity amounts to 10^7-10^8 when the distance between spheres is decreased. Absorption spectra of three- and four-sphere clusters are also calculated, which indicate that the essential features of the experimental observations are explained by the two-sphere cluster.</marc:subfield>
      </marc:datafield>
      <marc:datafield tag="773" ind1="0" ind2=" ">
         <marc:subfield code="q">52:11&lt;3853</marc:subfield>
         <marc:subfield code="t">J. Phys. Soc. Jpn.</marc:subfield>
      </marc:datafield>
      
      <marc:datafield tag="856" ind1=" " ind2=" ">
         <marc:subfield code="u">10.1143/JPSJ.52.3853</marc:subfield>
      </marc:datafield>
      <marc:datafield tag="856" ind1=" " ind2=" ">
         <marc:subfield code="u">http://jpsj.ipap.jp/link?JPSJ/52/3853/</marc:subfield>
      </marc:datafield>
      <marc:datafield tag="856" ind1=" " ind2=" ">
         <marc:subfield code="u">http://dx.doi.org/10.1143/JPSJ.52.3853</marc:subfield>
      </marc:datafield>
   </marc:record>