
   <marc:record>
      <marc:leader>     nam  22     uu 4500</marc:leader>
      <marc:controlfield tag="008">      |           ||||||||||||||||||||||</marc:controlfield>
      <marc:datafield tag="245" ind1="1" ind2="0">
         <marc:subfield code="a">Universal Scaling of Plasmon Coupling in Metal Nanostructures: Extension from Particle Pairs to Nanoshells</marc:subfield>
      </marc:datafield>
      <marc:datafield tag="700" ind1="1" ind2=" ">
         <marc:subfield code="a">P. K. Jain</marc:subfield>
         <marc:subfield code="e">author</marc:subfield>
         <marc:subfield code="u">Laser Dynamics Laboratory, School of Chemistry and Biochemistry, Georgia Institute of Technology, Atlanta, Georgia 30332-0400</marc:subfield>
      </marc:datafield>
      <marc:datafield tag="700" ind1="1" ind2=" ">
         <marc:subfield code="a">M. A. El-Sayed</marc:subfield>
         <marc:subfield code="e">author</marc:subfield>
         <marc:subfield code="u">Laser Dynamics Laboratory, School of Chemistry and Biochemistry, Georgia Institute of Technology, Atlanta, Georgia 30332-0400</marc:subfield>
      </marc:datafield>
      
      <marc:datafield tag="655" ind1=" " ind2="7">
         <marc:subfield code="a">journal article</marc:subfield>
      </marc:datafield>
      <marc:datafield tag="655" ind1=" " ind2="7">
         <marc:subfield code="a">article</marc:subfield>
         <marc:subfield code="2">bibtex</marc:subfield>
      </marc:datafield>
      <marc:datafield tag="260" ind1=" " ind2=" "/>
      <marc:datafield tag="520" ind1=" " ind2=" ">
         <marc:subfield code="a">It has been recently shown that the strength of plasmon coupling between a pair of plasmonic metal nanoparticles falls as a function of the interparticle gap scaled by the particle size with a near-exponential decay trend that is universally independent of nanoparticle size, shape, metal type, or medium dielectric constant. In this letter, we extend this universal scaling behavior to the dielectric core-metal shell nanostructure. By using extended Mie theory simulations of silica core-metal nanoshells, we show that when the shift of the nanoshell plasmon resonance wavelength scaled by the solid nanosphere resonance wavelength is plotted against the shell thickness scaled by the core radius, nanoshells with different dimensions (radii) exhibit the same near-exponential decay. Thus, the nanoshell system becomes physically analogous to the particle-pair system, i.e., the nanoshell plasmon resonance results from the coupling of the inner shell surface (cavity) and the outer shell surface (sphere) plasmons over a separation distance essentially given by the metal shell thickness, which is consistent with the plasmon hybridization model of Prodan, Halas, and Nordlander. By using the universal scaling behavior in the nanoshell system, we propose a simple expression for predicting the dipolar plasmon resonance of a silica-gold nanoshell of given dimensions.</marc:subfield>
      </marc:datafield>
      <marc:datafield tag="773" ind1="0" ind2=" ">
         <marc:subfield code="t">Nano Lett.</marc:subfield>
         <marc:subfield code="x">1530-6984</marc:subfield>
      </marc:datafield>
      
      <marc:datafield tag="856" ind1=" " ind2=" ">
         <marc:subfield code="u">10.1021/nl071496m</marc:subfield>
      </marc:datafield>
      <marc:datafield tag="856" ind1=" " ind2=" ">
         <marc:subfield code="u">http://dx.doi.org/10.1021/nl071496m</marc:subfield>
      </marc:datafield>
   </marc:record>