
   <marc:record>
      <marc:leader>     nam  22     uu 4500</marc:leader>
      <marc:controlfield tag="008">      |           ||||||||||||||||||||||</marc:controlfield>
      <marc:datafield tag="245" ind1="1" ind2="0">
         <marc:subfield code="a">On the Universal Scaling Behavior of the Distance Decay of Plasmon Coupling in Metal Nanoparticle Pairs: A Plasmon Ruler Equation</marc:subfield>
      </marc:datafield>
      <marc:datafield tag="700" ind1="1" ind2=" ">
         <marc:subfield code="a">Prashant K. Jain</marc:subfield>
         <marc:subfield code="e">author</marc:subfield>
         <marc:subfield code="u">Laser Dynamics Laboratory, School of Chemistry and Biochemistry, Georgia Institute of Technology, Atlanta, Georgia 30332-0400, University of California, Berkeley, California 94720</marc:subfield>
      </marc:datafield>
      <marc:datafield tag="700" ind1="1" ind2=" ">
         <marc:subfield code="a">Wenyu Huang</marc:subfield>
         <marc:subfield code="e">author</marc:subfield>
         <marc:subfield code="u">Laser Dynamics Laboratory, School of Chemistry and Biochemistry, Georgia Institute of Technology, Atlanta, Georgia 30332-0400, University of California, Berkeley, California 94720</marc:subfield>
      </marc:datafield>
      <marc:datafield tag="700" ind1="1" ind2=" ">
         <marc:subfield code="a">Mostafa A. El-Sayed</marc:subfield>
         <marc:subfield code="e">author</marc:subfield>
         <marc:subfield code="u">Laser Dynamics Laboratory, School of Chemistry and Biochemistry, Georgia Institute of Technology, Atlanta, Georgia 30332-0400, University of California, Berkeley, California 94720</marc:subfield>
      </marc:datafield>
      
      <marc:datafield tag="655" ind1=" " ind2="7">
         <marc:subfield code="a">journal article</marc:subfield>
      </marc:datafield>
      <marc:datafield tag="655" ind1=" " ind2="7">
         <marc:subfield code="a">article</marc:subfield>
         <marc:subfield code="2">bibtex</marc:subfield>
      </marc:datafield>
      <marc:datafield tag="260" ind1=" " ind2=" "/>
      <marc:datafield tag="520" ind1=" " ind2=" ">
         <marc:subfield code="a">Localized surface plasmon resonances (LSPR) in lithographically fabricated gold (Au) nanodisc pairs are investigated using microabsorption spectroscopy and electrodynamic simulations. In agreement with previous work, we find that the fractional plasmon wavelength shift for polarization along the interparticle axis decays nearly exponentially with the interparticle gap. In addition, we find that the decay length is roughly about 0.2 in units of the particle size for different nanoparticle size, shape, metal type, or medium dielectric constant. The near-exponential distance decay and the interesting "universal" scaling behavior of interparticle plasmon coupling can be qualitatively explained on the basis of a dipolar-coupling model as being due to the interplay of two factors: the direct dependence of the single-particle polarizability on the cubic power of the particle dimension and the decay of the plasmonic near-field as the cubic power of the inverse distance. Using this universal scaling behavior, we are able to derive a "plasmon ruler equation" that estimates the interparticle separation between Au nanospheres in a biological system from the observed fractional shift of the plasmon band. We find good agreement of the interparticle separations estimated using this equation with the experimental observations of Reinhard et al. (Nano Lett. 2005, 5, 2246-2252).</marc:subfield>
      </marc:datafield>
      <marc:datafield tag="773" ind1="0" ind2=" ">
         <marc:subfield code="q">7:7&lt;2080</marc:subfield>
         <marc:subfield code="t">Nano Lett.</marc:subfield>
         <marc:subfield code="x">1530-6984</marc:subfield>
      </marc:datafield>
      
      <marc:datafield tag="856" ind1=" " ind2=" ">
         <marc:subfield code="u">10.1021/nl071008a</marc:subfield>
      </marc:datafield>
      <marc:datafield tag="856" ind1=" " ind2=" ">
         <marc:subfield code="u">http://dx.doi.org/10.1021/nl071008a</marc:subfield>
      </marc:datafield>
   </marc:record>