
   <marc:record>
      <marc:leader>     nam  22     uu 4500</marc:leader>
      <marc:controlfield tag="008">      |           ||||||||||||||||||||||</marc:controlfield>
      <marc:datafield tag="245" ind1="1" ind2="0">
         <marc:subfield code="a">Surface-enhanced Raman scattering and fluorescence near metal nanoparticles</marc:subfield>
      </marc:datafield>
      <marc:datafield tag="700" ind1="1" ind2=" ">
         <marc:subfield code="a">Peter Johansson</marc:subfield>
         <marc:subfield code="e">author</marc:subfield>
      </marc:datafield>
      <marc:datafield tag="700" ind1="1" ind2=" ">
         <marc:subfield code="a">Hongxing Xu</marc:subfield>
         <marc:subfield code="e">author</marc:subfield>
      </marc:datafield>
      <marc:datafield tag="700" ind1="1" ind2=" ">
         <marc:subfield code="a">Mikael Käll</marc:subfield>
         <marc:subfield code="e">author</marc:subfield>
      </marc:datafield>
      
      <marc:datafield tag="655" ind1=" " ind2="7">
         <marc:subfield code="a">journal article</marc:subfield>
      </marc:datafield>
      <marc:datafield tag="655" ind1=" " ind2="7">
         <marc:subfield code="a">article</marc:subfield>
         <marc:subfield code="2">bibtex</marc:subfield>
      </marc:datafield>
      <marc:datafield tag="260" ind1=" " ind2=" "/>
      <marc:datafield tag="520" ind1=" " ind2=" ">
         <marc:subfield code="a">We present a general model study of surface-enhanced resonant Raman scattering and fluorescence, focusing on the interplay between electromagnetic (EM) effects and the molecular dynamics as treated by a density matrix calculation. The model molecule has two electronic levels, is affected by radiative and nonradiative damping mechanisms, and a Franck-Condon mechanism yields electron-vibration coupling. The coupling between the molecule and the electromagnetic field is enhanced by placing it between two Ag nanoparticles. The results show that the Raman scattering cross section can, for realistic parameter values, increase by some 10 orders of magnitude (to similar to 10(-14) cm(2)) compared with the free-space case. Also the fluorescence cross section grows with increasing EM enhancement, however, at a slower rate, and this increase eventually stalls when nonradiative decay processes become important. Finally, we find that anti-Stokes Raman scattering is possible with strong incident laser intensities similar to 1 mW/mu m(2).</marc:subfield>
      </marc:datafield>
      <marc:datafield tag="650" ind1="1" ind2=" ">
         <marc:subfield code="a">resonance raman</marc:subfield>
         <marc:subfield code="x">molecule</marc:subfield>
         <marc:subfield code="x">spectroscopy</marc:subfield>
         <marc:subfield code="x">sers</marc:subfield>
         <marc:subfield code="x">adsorbates</marc:subfield>
         <marc:subfield code="x">silver</marc:subfield>
         <marc:subfield code="x">front</marc:subfield>
         <marc:subfield code="x">films</marc:subfield>
         <marc:subfield code="x">time</marc:subfield>
      </marc:datafield>
      <marc:datafield tag="773" ind1="0" ind2=" ">
         <marc:subfield code="q">72:3&lt;035427</marc:subfield>
         <marc:subfield code="t">Phys. Rev. B</marc:subfield>
      </marc:datafield>
      
      <marc:datafield tag="856" ind1=" " ind2=" ">
         <marc:subfield code="u">10.1103/PhysRevB.72.035427</marc:subfield>
      </marc:datafield>
      <marc:datafield tag="856" ind1=" " ind2=" ">
         <marc:subfield code="u">http://link.aps.org/abstract/PRB/v72/e035427</marc:subfield>
      </marc:datafield>
      <marc:datafield tag="856" ind1=" " ind2=" ">
         <marc:subfield code="u">http://dx.doi.org/10.1103/PhysRevB.72.035427</marc:subfield>
      </marc:datafield>
   </marc:record>