
   <marc:record>
      <marc:leader>     nam  22     uu 4500</marc:leader>
      <marc:controlfield tag="008">      |           ||||||||||||||||||||||</marc:controlfield>
      <marc:datafield tag="245" ind1="1" ind2="0">
         <marc:subfield code="a">Surface Plasmon Resonance Imaging Measurements of DNA Hybridization Adsorption and Streptavidin/DNA Multilayer Formation at Chemically Modified Gold Surfaces</marc:subfield>
      </marc:datafield>
      <marc:datafield tag="700" ind1="1" ind2=" ">
         <marc:subfield code="a">Claire E. Jordan</marc:subfield>
         <marc:subfield code="e">author</marc:subfield>
         <marc:subfield code="u">Department of Chemistry, University of Wisconsin-Madison, 1101 University Avenue, Madison, Wisconsin 53706</marc:subfield>
      </marc:datafield>
      <marc:datafield tag="700" ind1="1" ind2=" ">
         <marc:subfield code="a">Anthony G. Frutos</marc:subfield>
         <marc:subfield code="e">author</marc:subfield>
         <marc:subfield code="u">Department of Chemistry, University of Wisconsin-Madison, 1101 University Avenue, Madison, Wisconsin 53706</marc:subfield>
      </marc:datafield>
      <marc:datafield tag="700" ind1="1" ind2=" ">
         <marc:subfield code="a">Andrew J. Thiel</marc:subfield>
         <marc:subfield code="e">author</marc:subfield>
         <marc:subfield code="u">Department of Chemistry, University of Wisconsin-Madison, 1101 University Avenue, Madison, Wisconsin 53706</marc:subfield>
      </marc:datafield>
      <marc:datafield tag="700" ind1="1" ind2=" ">
         <marc:subfield code="a">Robert M. Corn</marc:subfield>
         <marc:subfield code="e">author</marc:subfield>
         <marc:subfield code="u">Department of Chemistry, University of Wisconsin-Madison, 1101 University Avenue, Madison, Wisconsin 53706</marc:subfield>
      </marc:datafield>
      
      <marc:datafield tag="655" ind1=" " ind2="7">
         <marc:subfield code="a">journal article</marc:subfield>
      </marc:datafield>
      <marc:datafield tag="655" ind1=" " ind2="7">
         <marc:subfield code="a">article</marc:subfield>
         <marc:subfield code="2">bibtex</marc:subfield>
      </marc:datafield>
      <marc:datafield tag="260" ind1=" " ind2=" "/>
      <marc:datafield tag="520" ind1=" " ind2=" ">
         <marc:subfield code="a">A combination of scanning and imaging surface plasmon resonance (SPR) experiments is used to characterize DNA hybridization adsorption at gold surfaces and the subsequent immobilization of streptavidin. Single-stranded oligonucleotides are immobilized at gold surfaces, and the hybridization of biotinylated complements from solution is monitored with SPR. The subsequent attachment of streptavidin to the biotinylated complements provides a method of enhancing the SPR imaging signal produced as a result of the hybridization and leads to a 4-fold improvement in the hybridization detection limit of the SPR imaging apparatus. In situ scanning SPR experiments are used to measure a 60 ± 20% hybridization efficiency between immobilized single-stranded DNA and biotinylated complements. From the information provided by both the in situ imaging and scanning SPR experiments, an absolute surface coverage of immobilized single-stranded DNA is estimated to be  3 × 1012 molecules/cm2. The SPR signal resulting from hybridization onto immobilized probes is further amplified by the formation of streptavidin/DNA multilayers which grow by a combination of DNA hybridization and biotin-streptavidin binding. DNA/DNA multilayers without streptavidin are used as an additional method of amplifying the SPR signal.</marc:subfield>
      </marc:datafield>
      <marc:datafield tag="773" ind1="0" ind2=" ">
         <marc:subfield code="q">69:24&lt;4939</marc:subfield>
         <marc:subfield code="t">Anal. Chem.</marc:subfield>
         <marc:subfield code="x">0003-2700</marc:subfield>
      </marc:datafield>
      
      <marc:datafield tag="856" ind1=" " ind2=" ">
         <marc:subfield code="u">10.1021/ac9709763</marc:subfield>
      </marc:datafield>
      <marc:datafield tag="856" ind1=" " ind2=" ">
         <marc:subfield code="u">http://dx.doi.org/10.1021/ac9709763</marc:subfield>
      </marc:datafield>
   </marc:record>