
   <marc:record>
      <marc:leader>     nam  22     uu 4500</marc:leader>
      <marc:controlfield tag="008">      |           ||||||||||||||||||||||</marc:controlfield>
      <marc:datafield tag="245" ind1="1" ind2="0">
         <marc:subfield code="a">The photophysical and photochemical properties of the oxacarbocyanine and thiacarbocyanine dyes</marc:subfield>
      </marc:datafield>
      <marc:datafield tag="700" ind1="1" ind2=" ">
         <marc:subfield code="a">Janina Kabatc</marc:subfield>
         <marc:subfield code="e">author</marc:subfield>
      </marc:datafield>
      <marc:datafield tag="700" ind1="1" ind2=" ">
         <marc:subfield code="a">Jerzy Paczkowski</marc:subfield>
         <marc:subfield code="e">author</marc:subfield>
      </marc:datafield>
      
      <marc:datafield tag="655" ind1=" " ind2="7">
         <marc:subfield code="a">journal article</marc:subfield>
      </marc:datafield>
      <marc:datafield tag="655" ind1=" " ind2="7">
         <marc:subfield code="a">article</marc:subfield>
         <marc:subfield code="2">bibtex</marc:subfield>
      </marc:datafield>
      <marc:datafield tag="260" ind1=" " ind2=" "/>
      <marc:datafield tag="520" ind1=" " ind2=" ">
         <marc:subfield code="a">The photophysical and photochemical properties of the oxacarbocyanine and thiacarbocyanine dyes and their derivatives, possessing an alkyl substituents in the meso position of the polymethine chain (CH3, C2H5), studied by absorption and fluorescence spectroscopy are described in this paper.</marc:subfield>
      </marc:datafield>
      <marc:datafield tag="650" ind1="1" ind2=" ">
         <marc:subfield code="a">Thiacarbocyanine dyes</marc:subfield>
         <marc:subfield code="x">Oxacarbocyanine dyes</marc:subfield>
         <marc:subfield code="x">Synthesis</marc:subfield>
         <marc:subfield code="x">Spectroscopic properties</marc:subfield>
      </marc:datafield>
      <marc:datafield tag="773" ind1="0" ind2=" ">
         <marc:subfield code="q">61:1&lt;1</marc:subfield>
         <marc:subfield code="t">Dyes and Pigments</marc:subfield>
      </marc:datafield>
      
      <marc:datafield tag="856" ind1=" " ind2=" ">
         <marc:subfield code="u">10.1016/j.dyepig.2003.08.002</marc:subfield>
      </marc:datafield>
      <marc:datafield tag="856" ind1=" " ind2=" ">
         <marc:subfield code="u">http://www.sciencedirect.com/science/article/B6TFY-49RCG9D-2/2/fb1b0e050bac13129dc20bed101636ae</marc:subfield>
      </marc:datafield>
      <marc:datafield tag="856" ind1=" " ind2=" ">
         <marc:subfield code="u">http://dx.doi.org/10.1016/j.dyepig.2003.08.002</marc:subfield>
      </marc:datafield>
   </marc:record>