
   <marc:record>
      <marc:leader>     nam  22     uu 4500</marc:leader>
      <marc:controlfield tag="008">      |           ||||||||||||||||||||||</marc:controlfield>
      <marc:datafield tag="245" ind1="1" ind2="0">
         <marc:subfield code="a">Photophysical, Photochemical and Photocatalytic Aspects of Metal Nanoparticles</marc:subfield>
      </marc:datafield>
      <marc:datafield tag="700" ind1="1" ind2=" ">
         <marc:subfield code="a">P. V. Kamat</marc:subfield>
         <marc:subfield code="e">author</marc:subfield>
      </marc:datafield>
      
      <marc:datafield tag="655" ind1=" " ind2="7">
         <marc:subfield code="a">journal article</marc:subfield>
      </marc:datafield>
      <marc:datafield tag="655" ind1=" " ind2="7">
         <marc:subfield code="a">article</marc:subfield>
         <marc:subfield code="2">bibtex</marc:subfield>
      </marc:datafield>
      <marc:datafield tag="260" ind1=" " ind2=" "/>
      <marc:datafield tag="520" ind1=" " ind2=" ">
         <marc:subfield code="a">Unique electronic and chemical properties of metal nanoparticles have drawn the attention of chemists, physicists, biologists, and engineers who wish to use them for the development of new generation nanodevices. Metal nanoparticles such as gold and silver show noticeable photoactivity under UV-visible irradiation as is evident from the photoinduced fusion and fragmentation processes. Binding a photoactive molecule (e.g., pyrene) to metal nanoparticle enhances the photochemical activity and renders the organic-inorganic hybrid nanoassemblies suitable for light-harvesting and optoelectronic applications. The nature of charge-transfer interaction of fluorophore with gold surface dictates the pathways with which the excited-state deactivates. Obtaining insight into energy and electron-transfer processes is important to improve the charge separation efficiencies in metal-fluorophore nanoassemblies and photocatalytic activity of metal-semiconductor composites.</marc:subfield>
      </marc:datafield>
      <marc:datafield tag="650" ind1="1" ind2=" ">
         <marc:subfield code="a">self-assembled monolayers</marc:subfield>
         <marc:subfield code="x">enhanced raman-scattering</marc:subfield>
         <marc:subfield code="x">colloidal silver nanoparticles</marc:subfield>
         <marc:subfield code="x">semiconductor thin-films</marc:subfield>
         <marc:subfield code="x">protected gold clusters</marc:subfield>
         <marc:subfield code="x">ruthenium polypyridyl complex</marc:subfield>
         <marc:subfield code="x">nonlinear-optical properties</marc:subfield>
         <marc:subfield code="x">surface-plasmon excitation</marc:subfield>
         <marc:subfield code="x">dip-pen nanolithography</marc:subfield>
         <marc:subfield code="x">electron-transfer</marc:subfield>
      </marc:datafield>
      <marc:datafield tag="773" ind1="0" ind2=" ">
         <marc:subfield code="q">106:32&lt;7729</marc:subfield>
         <marc:subfield code="t">J. Phys. Chem. B</marc:subfield>
      </marc:datafield>
      
      <marc:datafield tag="856" ind1=" " ind2=" ">
         <marc:subfield code="u">10.1021/jp0209289</marc:subfield>
      </marc:datafield>
      <marc:datafield tag="856" ind1=" " ind2=" ">
         <marc:subfield code="u">http://dx.doi.org/10.1021/jp0209289</marc:subfield>
      </marc:datafield>
   </marc:record>