
   <marc:record>
      <marc:leader>     nam  22     uu 4500</marc:leader>
      <marc:controlfield tag="008">      |           ||||||||||||||||||||||</marc:controlfield>
      <marc:datafield tag="245" ind1="1" ind2="0">
         <marc:subfield code="a">Control of Gold Nanoparticle Aggregates by Manipulation of Interparticle Interaction</marc:subfield>
      </marc:datafield>
      <marc:datafield tag="700" ind1="1" ind2=" ">
         <marc:subfield code="a">Taehoon Kim</marc:subfield>
         <marc:subfield code="e">author</marc:subfield>
      </marc:datafield>
      <marc:datafield tag="700" ind1="1" ind2=" ">
         <marc:subfield code="a">Kangtaek Lee</marc:subfield>
         <marc:subfield code="e">author</marc:subfield>
      </marc:datafield>
      <marc:datafield tag="700" ind1="1" ind2=" ">
         <marc:subfield code="a">Myoung-seon Gong</marc:subfield>
         <marc:subfield code="e">author</marc:subfield>
      </marc:datafield>
      <marc:datafield tag="700" ind1="1" ind2=" ">
         <marc:subfield code="a">Sang-Woo Joo</marc:subfield>
         <marc:subfield code="e">author</marc:subfield>
      </marc:datafield>
      
      <marc:datafield tag="655" ind1=" " ind2="7">
         <marc:subfield code="a">journal article</marc:subfield>
      </marc:datafield>
      <marc:datafield tag="655" ind1=" " ind2="7">
         <marc:subfield code="a">article</marc:subfield>
         <marc:subfield code="2">bibtex</marc:subfield>
      </marc:datafield>
      <marc:datafield tag="260" ind1=" " ind2=" "/>
      <marc:datafield tag="520" ind1=" " ind2=" ">
         <marc:subfield code="a">The size of gold nanoparticle aggregates was controlled by manipulating the interparticle interaction. To manipulate the interparticle interaction of gold nanoparticles prepared by citrate reduction, we applied the substitutive adsorption of benzyl mercaptan on the particle surface in the absence of the cross-linking effect. Various experimental techniques such as UV-vis absorption spectroscopy, surface-enhanced Raman scattering, quasi-elastic light scattering, and zeta-potential measurement were used to characterize the nanoparticle aggregates. Our results suggest that the replacement of the trivalent citrate ions adsorbed on the nanoparticle surface with monovalent benzyl mercaptan ions should destabilize the particles, causing aggregation and hence the increase in the size of nanoparticle aggregates. These experimental results were successfully rationalized by the classical DLVO (Derjaguin-Landau-Vervey-Overbeek) theory that describes the interparticle interaction and colloidal stability in solution. Our findings suggest that the control of surface potential is crucial in the design of stable gold nanoparticle aggre</marc:subfield>
      </marc:datafield>
      <marc:datafield tag="773" ind1="0" ind2=" ">
         <marc:subfield code="q">21:21&lt;9524</marc:subfield>
         <marc:subfield code="t">Langmuir</marc:subfield>
      </marc:datafield>
      
      <marc:datafield tag="856" ind1=" " ind2=" ">
         <marc:subfield code="u">10.1021/la0504560</marc:subfield>
      </marc:datafield>
      <marc:datafield tag="856" ind1=" " ind2=" ">
         <marc:subfield code="u">http://dx.doi.org/10.1021/la0504560</marc:subfield>
      </marc:datafield>
   </marc:record>