
   <marc:record>
      <marc:leader>     nam  22     uu 4500</marc:leader>
      <marc:controlfield tag="008">      |           ||||||||||||||||||||||</marc:controlfield>
      <marc:datafield tag="245" ind1="1" ind2="0">
         <marc:subfield code="a">SERS signals at the anti Stokes side of the excitation laser in extremely high local optical fields of silver and gold nanoclusters</marc:subfield>
      </marc:datafield>
      <marc:datafield tag="700" ind1="1" ind2=" ">
         <marc:subfield code="a">Katrin Kneipp</marc:subfield>
         <marc:subfield code="e">author</marc:subfield>
      </marc:datafield>
      <marc:datafield tag="700" ind1="1" ind2=" ">
         <marc:subfield code="a">Harald Kneipp</marc:subfield>
         <marc:subfield code="e">author</marc:subfield>
      </marc:datafield>
      
      <marc:datafield tag="655" ind1=" " ind2="7">
         <marc:subfield code="a">journal article</marc:subfield>
      </marc:datafield>
      <marc:datafield tag="655" ind1=" " ind2="7">
         <marc:subfield code="a">article</marc:subfield>
         <marc:subfield code="2">bibtex</marc:subfield>
      </marc:datafield>
      <marc:datafield tag="260" ind1=" " ind2=" "/>
      <marc:datafield tag="520" ind1=" " ind2=" ">
         <marc:subfield code="a">Surface-enhanced anti-Stokes Raman scattering from pumped excited vibrational levels and surface-enhanced hyper Raman scattering show a quadratic dependence on the excitation intensity and are discussed as incoherent two-photon excited Raman processes performed in strongly enhanced local optical fields of silver-or gold nanoclusters, where both effects can experience very similar electromagnetic enhancement conditions.</marc:subfield>
      </marc:datafield>
      <marc:datafield tag="650" ind1="1" ind2=" ">
         <marc:subfield code="a">ENHANCED RAMAN-SCATTERING</marc:subfield>
         <marc:subfield code="x">SINGLE-MOLECULE DETECTION</marc:subfield>
         <marc:subfield code="x">CARBON NANOTUBES</marc:subfield>
         <marc:subfield code="x">SPECTROSCOPY</marc:subfield>
         <marc:subfield code="x">CLUSTERS</marc:subfield>
      </marc:datafield>
      <marc:datafield tag="773" ind1="0" ind2=" ">
         <marc:subfield code="q">132&lt;27</marc:subfield>
         <marc:subfield code="t">Faraday Discuss.</marc:subfield>
      </marc:datafield>
      
      <marc:datafield tag="856" ind1=" " ind2=" ">
         <marc:subfield code="u">10.1039/b507063p</marc:subfield>
      </marc:datafield>
      <marc:datafield tag="856" ind1=" " ind2=" ">
         <marc:subfield code="u">http://dx.doi.org/10.1039/b507063p</marc:subfield>
      </marc:datafield>
   </marc:record>