
   <marc:record>
      <marc:leader>     nam  22     uu 4500</marc:leader>
      <marc:controlfield tag="008">      |           ||||||||||||||||||||||</marc:controlfield>
      <marc:datafield tag="245" ind1="1" ind2="0">
         <marc:subfield code="a">Surface-enhanced Raman scattering in local optical fields of silver and gold nanoaggregates - From single-molecule Raman spectroscopy to ultrasensitive probing in live cells</marc:subfield>
      </marc:datafield>
      <marc:datafield tag="700" ind1="1" ind2=" ">
         <marc:subfield code="a">Katrin Kneipp</marc:subfield>
         <marc:subfield code="e">author</marc:subfield>
      </marc:datafield>
      <marc:datafield tag="700" ind1="1" ind2=" ">
         <marc:subfield code="a">Harald Kneipp</marc:subfield>
         <marc:subfield code="e">author</marc:subfield>
      </marc:datafield>
      <marc:datafield tag="700" ind1="1" ind2=" ">
         <marc:subfield code="a">Janina Kneipp</marc:subfield>
         <marc:subfield code="e">author</marc:subfield>
      </marc:datafield>
      
      <marc:datafield tag="655" ind1=" " ind2="7">
         <marc:subfield code="a">journal article</marc:subfield>
      </marc:datafield>
      <marc:datafield tag="655" ind1=" " ind2="7">
         <marc:subfield code="a">article</marc:subfield>
         <marc:subfield code="2">bibtex</marc:subfield>
      </marc:datafield>
      <marc:datafield tag="260" ind1=" " ind2=" "/>
      <marc:datafield tag="520" ind1=" " ind2=" ">
         <marc:subfield code="a">This Account discusses surface-enhanced Raman scattering at extremely high enhancement levels that can occur for molecules attached to silver and gold nanoclusters. Strongly enhanced and highly confined local optical fields enable surface-enhanced Stokes and anti-Stokes Raman spectroscopy of single molecules even under nonresonant excitation conditions as well as extremely large effective cross sections in two-photon excited Raman spectroscopy. The ability for very sensitive and spatially confined molecular structural probing makes gold and silver nanoclusters very promising tools for studies of small structures in biological materials, such as cellular compartments.</marc:subfield>
      </marc:datafield>
      <marc:datafield tag="650" ind1="1" ind2=" ">
         <marc:subfield code="a">colloidal silver</marc:subfield>
         <marc:subfield code="x">rhodamine 6g</marc:subfield>
         <marc:subfield code="x">carbon nanotubes</marc:subfield>
         <marc:subfield code="x">clusters</marc:subfield>
         <marc:subfield code="x">particle</marc:subfield>
         <marc:subfield code="x">microspectroscopy</marc:subfield>
         <marc:subfield code="x">electrode</marc:subfield>
         <marc:subfield code="x">pyridine</marc:subfield>
         <marc:subfield code="x">size</marc:subfield>
         <marc:subfield code="x">sers</marc:subfield>
      </marc:datafield>
      <marc:datafield tag="773" ind1="0" ind2=" ">
         <marc:subfield code="q">39:7&lt;443</marc:subfield>
         <marc:subfield code="t">Acc. Chem. Res.</marc:subfield>
      </marc:datafield>
      
      <marc:datafield tag="856" ind1=" " ind2=" ">
         <marc:subfield code="u">10.1021/ar050107x S0001-4842(05)00107-X</marc:subfield>
      </marc:datafield>
      <marc:datafield tag="856" ind1=" " ind2=" ">
         <marc:subfield code="u">http://dx.doi.org/10.1021/ar050107x S0001-4842(05)00107-X</marc:subfield>
      </marc:datafield>
   </marc:record>