
   <marc:record>
      <marc:leader>     nam  22     uu 4500</marc:leader>
      <marc:controlfield tag="008">      |           ||||||||||||||||||||||</marc:controlfield>
      <marc:datafield tag="245" ind1="1" ind2="0">
         <marc:subfield code="a">Extremely large enhancement factors in surface-enhanced Raman scattering for molecules on colloidal gold clusters</marc:subfield>
      </marc:datafield>
      <marc:datafield tag="700" ind1="1" ind2=" ">
         <marc:subfield code="a">K. Kneipp</marc:subfield>
         <marc:subfield code="e">author</marc:subfield>
      </marc:datafield>
      <marc:datafield tag="700" ind1="1" ind2=" ">
         <marc:subfield code="a">H. Kneipp</marc:subfield>
         <marc:subfield code="e">author</marc:subfield>
      </marc:datafield>
      <marc:datafield tag="700" ind1="1" ind2=" ">
         <marc:subfield code="a">R. Manoharan</marc:subfield>
         <marc:subfield code="e">author</marc:subfield>
      </marc:datafield>
      <marc:datafield tag="700" ind1="1" ind2=" ">
         <marc:subfield code="a">E. B. Hanlon</marc:subfield>
         <marc:subfield code="e">author</marc:subfield>
      </marc:datafield>
      <marc:datafield tag="700" ind1="1" ind2=" ">
         <marc:subfield code="a">I. Itzkan</marc:subfield>
         <marc:subfield code="e">author</marc:subfield>
      </marc:datafield>
      <marc:datafield tag="700" ind1="1" ind2=" ">
         <marc:subfield code="a">R. R. Dasari</marc:subfield>
         <marc:subfield code="e">author</marc:subfield>
      </marc:datafield>
      <marc:datafield tag="700" ind1="1" ind2=" ">
         <marc:subfield code="a">M. S. Feld</marc:subfield>
         <marc:subfield code="e">author</marc:subfield>
      </marc:datafield>
      
      <marc:datafield tag="655" ind1=" " ind2="7">
         <marc:subfield code="a">journal article</marc:subfield>
      </marc:datafield>
      <marc:datafield tag="655" ind1=" " ind2="7">
         <marc:subfield code="a">article</marc:subfield>
         <marc:subfield code="2">bibtex</marc:subfield>
      </marc:datafield>
      <marc:datafield tag="260" ind1=" " ind2=" "/>
      <marc:datafield tag="520" ind1=" " ind2=" ">
         <marc:subfield code="a">In agreement with previous results reported for colloidal silver clusters, effective surface-enhanced Raman cross sections of about 10-(16) cm(2) per molecule, corresponding to enhancement factors on the order of 10(14), have also been obtained for molecules attached to colloidal gold clusters. Spatially isolated nearly spherical colloidal gold particles of about 60 nm size show maximum enhancement factors on the order of 10(3) at 514 nm excitation, close to the single plasmon resonance. The enhancement factor increases by eleven orders of magnitude when colloidal gold clusters are formed by aggregation of the gold colloids and when near-infrared excitation is applied. The large effective surface-enhanced Raman cross section has been estimated by a straightforward method based on steady-state population redistribution due to the pumping of molecules to the first excited vibrational state via the strongly enhanced Raman process. Our experimental finding confirms the important role of colloidal clusters for extremely large surface-enhanced Raman scattering (SERS) enhancement factors. Simultaneously, it suggests colloidal gold clusters as a substrate for high-sensitivity surface-enhanced Raman scattering, which can provide an enhancement level sufficient for Raman single molecule detection. Due to its chemical inactivity, gold might have some advantages compared to silver, particularly in biomedical spectroscopy.</marc:subfield>
      </marc:datafield>
      <marc:datafield tag="650" ind1="1" ind2=" ">
         <marc:subfield code="a">sers</marc:subfield>
         <marc:subfield code="x">excitation</marc:subfield>
         <marc:subfield code="x">silver</marc:subfield>
      </marc:datafield>
      <marc:datafield tag="773" ind1="0" ind2=" ">
         <marc:subfield code="q">52:12&lt;1493</marc:subfield>
         <marc:subfield code="t">Appl. Spectrosc.</marc:subfield>
      </marc:datafield>
      
      <marc:datafield tag="856" ind1=" " ind2=" ">
         <marc:subfield code="u">10.1366/0003702981943059</marc:subfield>
      </marc:datafield>
      <marc:datafield tag="856" ind1=" " ind2=" ">
         <marc:subfield code="u">http://dx.doi.org/10.1366/0003702981943059</marc:subfield>
      </marc:datafield>
   </marc:record>