
   <marc:record>
      <marc:leader>     nam  22     uu 4500</marc:leader>
      <marc:controlfield tag="008">      |           ||||||||||||||||||||||</marc:controlfield>
      <marc:datafield tag="245" ind1="1" ind2="0">
         <marc:subfield code="a">Probes for Detection of Specific DNA Sequences at the Single-Molecule Level</marc:subfield>
      </marc:datafield>
      <marc:datafield tag="700" ind1="1" ind2=" ">
         <marc:subfield code="a">Jens-Peter Knemeyer</marc:subfield>
         <marc:subfield code="e">author</marc:subfield>
      </marc:datafield>
      <marc:datafield tag="700" ind1="1" ind2=" ">
         <marc:subfield code="a">Nicole Marmé</marc:subfield>
         <marc:subfield code="e">author</marc:subfield>
      </marc:datafield>
      <marc:datafield tag="700" ind1="1" ind2=" ">
         <marc:subfield code="a">Markus Sauer</marc:subfield>
         <marc:subfield code="e">author</marc:subfield>
      </marc:datafield>
      
      <marc:datafield tag="655" ind1=" " ind2="7">
         <marc:subfield code="a">journal article</marc:subfield>
      </marc:datafield>
      <marc:datafield tag="655" ind1=" " ind2="7">
         <marc:subfield code="a">article</marc:subfield>
         <marc:subfield code="2">bibtex</marc:subfield>
      </marc:datafield>
      <marc:datafield tag="260" ind1=" " ind2=" "/>
      <marc:datafield tag="520" ind1=" " ind2=" ">
         <marc:subfield code="a">A method has been developed for highly sensitive detection of specific DNA sequences in a homogeneous assay using labeled oligonucleotide molecules in combination with single-molecule photon burst counting and identification. The fluorescently labeled oligonucleotides are called smart probes because they report the presence of complementary target sequences by a strong increase in fluorescence intensity. The smart probes consist of a fluorescent dye attached at the terminus of a hairpin oligonucleotide. The presented technique takes advantage of the fact that the used oxazine dye JA242 is efficiently quenched by complementary guanosine residues. Upon specific hybridization to the target DNA, the smart probe undergoes a conformational change that forces the fluorescent dye and the guanosine residues apart, thereby increasing the fluorescence intensity about six fold in ensemble measurements. To increase the detection sensitivity below the nanomolar range, a confocal fluorescence microscope was used to observe the fluorescence bursts from individual smart probes in the presence and absence of target DNA as they passed through the focused laser beam. Smart probes were excited by a pulsed diode laser emitting at 635 nm with a repetition rate of 64 MHz. Each fluorescence burst was identified by three independent parameters: (a) the burst size, (b) the burst duration, and (c) the fluorescence lifetime. Through the use of this multiparameter analysis, higher discrimination accuracies between smart probes and hybridized probe-target duplexes were achieved. The presented multiparameter detection technique permits the identification of picomolar target DNA concentrations in a homogeneous assay, i.e., the detection of specific DNA sequences in a 200-fold excess of labeled probe molecules.</marc:subfield>
      </marc:datafield>
      <marc:datafield tag="650" ind1="1" ind2=" ">
         <marc:subfield code="a">fluorescence correlation spectroscopy</marc:subfield>
         <marc:subfield code="x">aqueous-solution</marc:subfield>
         <marc:subfield code="x">mononucleotide molecules</marc:subfield>
         <marc:subfield code="x">electron-transfer</marc:subfield>
         <marc:subfield code="x">identification</marc:subfield>
         <marc:subfield code="x">dye</marc:subfield>
         <marc:subfield code="x">beacons</marc:subfield>
         <marc:subfield code="x">oligonucleotides</marc:subfield>
         <marc:subfield code="x">electrophoresis</marc:subfield>
         <marc:subfield code="x">discrimination</marc:subfield>
      </marc:datafield>
      <marc:datafield tag="773" ind1="0" ind2=" ">
         <marc:subfield code="q">72:16&lt;3717</marc:subfield>
         <marc:subfield code="t">Anal. Chem.</marc:subfield>
      </marc:datafield>
      
      <marc:datafield tag="856" ind1=" " ind2=" ">
         <marc:subfield code="u">10.1021/ac000024o</marc:subfield>
      </marc:datafield>
      <marc:datafield tag="856" ind1=" " ind2=" ">
         <marc:subfield code="u">http://dx.doi.org/10.1021/ac000024o</marc:subfield>
      </marc:datafield>
   </marc:record>