
   <marc:record>
      <marc:leader>     nam  22     uu 4500</marc:leader>
      <marc:controlfield tag="008">      |           ||||||||||||||||||||||</marc:controlfield>
      <marc:datafield tag="245" ind1="1" ind2="0">
         <marc:subfield code="a">Nanoparticle-Mediated Coupling of Light into a Nanowire</marc:subfield>
      </marc:datafield>
      <marc:datafield tag="700" ind1="1" ind2=" ">
         <marc:subfield code="a">M. W. Knight</marc:subfield>
         <marc:subfield code="e">author</marc:subfield>
         <marc:subfield code="u">Department of Electrical and Computer Engineering, Department of Chemistry, Department of Physics and Astronomy, and the Laboratory for Nanophotonics, Rice University, 6100 Main Street, Houston, Texas 77005</marc:subfield>
      </marc:datafield>
      <marc:datafield tag="700" ind1="1" ind2=" ">
         <marc:subfield code="a">N. K. Grady</marc:subfield>
         <marc:subfield code="e">author</marc:subfield>
         <marc:subfield code="u">Department of Electrical and Computer Engineering, Department of Chemistry, Department of Physics and Astronomy, and the Laboratory for Nanophotonics, Rice University, 6100 Main Street, Houston, Texas 77005</marc:subfield>
      </marc:datafield>
      <marc:datafield tag="700" ind1="1" ind2=" ">
         <marc:subfield code="a">R. Bardhan</marc:subfield>
         <marc:subfield code="e">author</marc:subfield>
         <marc:subfield code="u">Department of Electrical and Computer Engineering, Department of Chemistry, Department of Physics and Astronomy, and the Laboratory for Nanophotonics, Rice University, 6100 Main Street, Houston, Texas 77005</marc:subfield>
      </marc:datafield>
      <marc:datafield tag="700" ind1="1" ind2=" ">
         <marc:subfield code="a">F. Hao</marc:subfield>
         <marc:subfield code="e">author</marc:subfield>
         <marc:subfield code="u">Department of Electrical and Computer Engineering, Department of Chemistry, Department of Physics and Astronomy, and the Laboratory for Nanophotonics, Rice University, 6100 Main Street, Houston, Texas 77005</marc:subfield>
      </marc:datafield>
      <marc:datafield tag="700" ind1="1" ind2=" ">
         <marc:subfield code="a">P. Nordlander</marc:subfield>
         <marc:subfield code="e">author</marc:subfield>
         <marc:subfield code="u">Department of Electrical and Computer Engineering, Department of Chemistry, Department of Physics and Astronomy, and the Laboratory for Nanophotonics, Rice University, 6100 Main Street, Houston, Texas 77005</marc:subfield>
      </marc:datafield>
      <marc:datafield tag="700" ind1="1" ind2=" ">
         <marc:subfield code="a">N. J. Halas</marc:subfield>
         <marc:subfield code="e">author</marc:subfield>
         <marc:subfield code="u">Department of Electrical and Computer Engineering, Department of Chemistry, Department of Physics and Astronomy, and the Laboratory for Nanophotonics, Rice University, 6100 Main Street, Houston, Texas 77005</marc:subfield>
      </marc:datafield>
      
      <marc:datafield tag="655" ind1=" " ind2="7">
         <marc:subfield code="a">journal article</marc:subfield>
      </marc:datafield>
      <marc:datafield tag="655" ind1=" " ind2="7">
         <marc:subfield code="a">article</marc:subfield>
         <marc:subfield code="2">bibtex</marc:subfield>
      </marc:datafield>
      <marc:datafield tag="260" ind1=" " ind2=" "/>
      <marc:datafield tag="520" ind1=" " ind2=" ">
         <marc:subfield code="a">We show that a nanoparticle can serve as an efficient antenna for coupling of visible light into propagating plasmons of an Ag nanowire. For long wires, the coupling is maximal for incident light polarized perpendicular to the nanowire. For sub-10-m nanowires, the polarization corresponding to maximum emission from the ends of the nanowire was found to be strongly dependent on the nanowire geometry and position of the vicinal nanoparticle. This nanoparticle antenna-based approach offers a potential strategy for optimizing plasmon coupling into nanoscale metallic waveguides.</marc:subfield>
      </marc:datafield>
      <marc:datafield tag="773" ind1="0" ind2=" ">
         <marc:subfield code="q">7:8&lt;2346</marc:subfield>
         <marc:subfield code="t">Nano Lett.</marc:subfield>
         <marc:subfield code="x">1530-6984</marc:subfield>
      </marc:datafield>
      
      <marc:datafield tag="856" ind1=" " ind2=" ">
         <marc:subfield code="u">10.1021/nl071001t</marc:subfield>
      </marc:datafield>
      <marc:datafield tag="856" ind1=" " ind2=" ">
         <marc:subfield code="u">http://dx.doi.org/10.1021/nl071001t</marc:subfield>
      </marc:datafield>
   </marc:record>