
   <marc:record>
      <marc:leader>     nam  22     uu 4500</marc:leader>
      <marc:controlfield tag="008">      s1995       ||||| ||||||||||||||||</marc:controlfield>
      <marc:datafield tag="245" ind1="1" ind2="0">
         <marc:subfield code="a">Optical properties of metal clusters</marc:subfield>
      </marc:datafield>
      <marc:datafield tag="700" ind1="1" ind2=" ">
         <marc:subfield code="a">Uwe Kreibig</marc:subfield>
         <marc:subfield code="e">author</marc:subfield>
      </marc:datafield>
      <marc:datafield tag="700" ind1="1" ind2=" ">
         <marc:subfield code="a">Michael Vollmer</marc:subfield>
         <marc:subfield code="e">author</marc:subfield>
      </marc:datafield>
      
      <marc:datafield tag="655" ind1=" " ind2="7">
         <marc:subfield code="a">book</marc:subfield>
         <marc:subfield code="2">bibtex</marc:subfield>
      </marc:datafield>
      <marc:datafield tag="260" ind1=" " ind2=" ">
         <marc:subfield code="b">Springer, Berlin u.a.</marc:subfield>
         <marc:subfield code="c">1995</marc:subfield>
      </marc:datafield>
      
         
      
      <marc:datafield tag="440" ind1=" " ind2=" ">
         <marc:subfield code="a">Springer series in materials science</marc:subfield>
      </marc:datafield>
      
      <marc:datafield tag="022" ind1=" " ind2=" ">
         <marc:subfield code="a">978-0387578361</marc:subfield>
      </marc:datafield>
   </marc:record>