
   <marc:record>
      <marc:leader>     nam  22     uu 4500</marc:leader>
      <marc:controlfield tag="008">      |           ||||||||||||||||||||||</marc:controlfield>
      <marc:datafield tag="245" ind1="1" ind2="0">
         <marc:subfield code="a">Efficient Raman Enhancement and Intermittent Light Emission Observed in Single Gold Nanocrystals</marc:subfield>
      </marc:datafield>
      <marc:datafield tag="700" ind1="1" ind2=" ">
         <marc:subfield code="a">John T. Krug</marc:subfield>
         <marc:subfield code="e">author</marc:subfield>
      </marc:datafield>
      <marc:datafield tag="700" ind1="1" ind2=" ">
         <marc:subfield code="a">Geoffrey D. Wang</marc:subfield>
         <marc:subfield code="e">author</marc:subfield>
      </marc:datafield>
      <marc:datafield tag="700" ind1="1" ind2=" ">
         <marc:subfield code="a">Steven R. Emory</marc:subfield>
         <marc:subfield code="e">author</marc:subfield>
      </marc:datafield>
      <marc:datafield tag="700" ind1="1" ind2=" ">
         <marc:subfield code="a">Shuming Nie</marc:subfield>
         <marc:subfield code="e">author</marc:subfield>
      </marc:datafield>
      
      <marc:datafield tag="655" ind1=" " ind2="7">
         <marc:subfield code="a">journal article</marc:subfield>
      </marc:datafield>
      <marc:datafield tag="655" ind1=" " ind2="7">
         <marc:subfield code="a">article</marc:subfield>
         <marc:subfield code="2">bibtex</marc:subfield>
      </marc:datafield>
      <marc:datafield tag="260" ind1=" " ind2=" "/>
      <marc:datafield tag="520" ind1=" " ind2=" ">
         <marc:subfield code="a">This paper reports two fundamental observations on the size-dependent optical properties of colloidal gold nanoparticles. First, faceted gold nanocrystals in the size range of 63 ± 3 nm have been found to be highly efficient for surface-enhanced Raman scattering (SERS). These nanocrystals are identified from a heterogeneous population for large optical enhancement at 647-nm laser excitation. Second, spatially isolated single gold particles emit Stokes-shifted Raman photons in an intermittent on-and-off fashion. In contrast to population-averaged studies, blinking surface-enhanced Raman scattering is a signature of single-particle (or even single-molecule) behavior. By directly measuring optical enhancement and time-resolved emission on single nanoparticles, this work opens new possibilities in studying the mechanisms of SERS, in developing metal tips for near-field optical microscopy, and in designing new nanostructured materials.</marc:subfield>
      </marc:datafield>
      <marc:datafield tag="773" ind1="0" ind2=" ">
         <marc:subfield code="q">121:39&lt;9208</marc:subfield>
         <marc:subfield code="t">J. Am. Chem. Soc.</marc:subfield>
      </marc:datafield>
      
      <marc:datafield tag="856" ind1=" " ind2=" ">
         <marc:subfield code="u">10.1021/ja992058n</marc:subfield>
      </marc:datafield>
      <marc:datafield tag="856" ind1=" " ind2=" ">
         <marc:subfield code="u">http://dx.doi.org/10.1021/ja992058n</marc:subfield>
      </marc:datafield>
   </marc:record>