
   <marc:record>
      <marc:leader>     nam  22     uu 4500</marc:leader>
      <marc:controlfield tag="008">      |           ||||||||||||||||||||||</marc:controlfield>
      <marc:datafield tag="245" ind1="1" ind2="0">
         <marc:subfield code="a">{F}ield enhancement and molecular response in surface-enhanced {R}aman scattering and fluorescence spectroscopy</marc:subfield>
      </marc:datafield>
      <marc:datafield tag="700" ind1="1" ind2=" ">
         <marc:subfield code="a">Mikael Käll</marc:subfield>
         <marc:subfield code="e">author</marc:subfield>
      </marc:datafield>
      <marc:datafield tag="700" ind1="1" ind2=" ">
         <marc:subfield code="a">Hongxing Xu</marc:subfield>
         <marc:subfield code="e">author</marc:subfield>
      </marc:datafield>
      <marc:datafield tag="700" ind1="1" ind2=" ">
         <marc:subfield code="a">Peter Johansson</marc:subfield>
         <marc:subfield code="e">author</marc:subfield>
      </marc:datafield>
      
      <marc:datafield tag="655" ind1=" " ind2="7">
         <marc:subfield code="a">journal article</marc:subfield>
      </marc:datafield>
      <marc:datafield tag="655" ind1=" " ind2="7">
         <marc:subfield code="a">article</marc:subfield>
         <marc:subfield code="2">bibtex</marc:subfield>
      </marc:datafield>
      <marc:datafield tag="260" ind1=" " ind2=" "/>
      <marc:datafield tag="520" ind1=" " ind2=" ">
         <marc:subfield code="a">We present a theoretical analysis of surface-enhanced Raman scattering and fluorescence emission from chromophoric molecules located at electromagnetic ?hot spots? in nanoparticle aggregates. The model combines classical electrodynamic enhancement effects with molecular quantum dynamics and allows us to quantify various molecular cross-sections and spectral properties. For a model molecule that simulates rhodamine 6G, we find that an electromagnetic Raman enhancement of the order of 1010 results in an effective Raman cross-section of the order of 10-14 cm2, in agreement with single-molecule Raman measurements.</marc:subfield>
      </marc:datafield>
      <marc:datafield tag="650" ind1="1" ind2=" ">
         <marc:subfield code="a">field enhancement</marc:subfield>
         <marc:subfield code="x">molecular quantum dynamics</marc:subfield>
         <marc:subfield code="x">plasmons</marc:subfield>
         <marc:subfield code="x">surface-enhanced Raman scattering</marc:subfield>
         <marc:subfield code="x">fluorescence</marc:subfield>
      </marc:datafield>
      <marc:datafield tag="773" ind1="0" ind2=" ">
         <marc:subfield code="q">36:6-7&lt;510</marc:subfield>
         <marc:subfield code="t">J. Raman Spectrosc.</marc:subfield>
      </marc:datafield>
      
      <marc:datafield tag="856" ind1=" " ind2=" ">
         <marc:subfield code="u">10.1002/jrs.1357</marc:subfield>
      </marc:datafield>
      <marc:datafield tag="856" ind1=" " ind2=" ">
         <marc:subfield code="u">http://dx.doi.org/10.1002/jrs.1357</marc:subfield>
      </marc:datafield>
   </marc:record>