
   <marc:record>
      <marc:leader>     nam  22     uu 4500</marc:leader>
      <marc:controlfield tag="008">      |           ||||||||||||||||||||||</marc:controlfield>
      <marc:datafield tag="245" ind1="1" ind2="0">
         <marc:subfield code="a">Sensing Characteristics of NIR Localized Surface Plasmon Resonances in Gold Nanorings for Application as Ultrasensitive Biosensors</marc:subfield>
      </marc:datafield>
      <marc:datafield tag="700" ind1="1" ind2=" ">
         <marc:subfield code="a">Elin M. Larsson</marc:subfield>
         <marc:subfield code="e">author</marc:subfield>
         <marc:subfield code="u">Department of Applied Physics, Chalmers University of Technology, S-41296 Göteborg, Sweden, and iNANO Center, University of Aarhus, Aarhus 8000, Denmark</marc:subfield>
      </marc:datafield>
      <marc:datafield tag="700" ind1="1" ind2=" ">
         <marc:subfield code="a">Joan Alegret</marc:subfield>
         <marc:subfield code="e">author</marc:subfield>
         <marc:subfield code="u">Department of Applied Physics, Chalmers University of Technology, S-41296 Göteborg, Sweden, and iNANO Center, University of Aarhus, Aarhus 8000, Denmark</marc:subfield>
      </marc:datafield>
      <marc:datafield tag="700" ind1="1" ind2=" ">
         <marc:subfield code="a">Mikael Käll</marc:subfield>
         <marc:subfield code="e">author</marc:subfield>
         <marc:subfield code="u">Department of Applied Physics, Chalmers University of Technology, S-41296 Göteborg, Sweden, and iNANO Center, University of Aarhus, Aarhus 8000, Denmark</marc:subfield>
      </marc:datafield>
      <marc:datafield tag="700" ind1="1" ind2=" ">
         <marc:subfield code="a">Duncan S. Sutherland</marc:subfield>
         <marc:subfield code="e">author</marc:subfield>
         <marc:subfield code="u">Department of Applied Physics, Chalmers University of Technology, S-41296 Göteborg, Sweden, and iNANO Center, University of Aarhus, Aarhus 8000, Denmark</marc:subfield>
      </marc:datafield>
      
      <marc:datafield tag="655" ind1=" " ind2="7">
         <marc:subfield code="a">journal article</marc:subfield>
      </marc:datafield>
      <marc:datafield tag="655" ind1=" " ind2="7">
         <marc:subfield code="a">article</marc:subfield>
         <marc:subfield code="2">bibtex</marc:subfield>
      </marc:datafield>
      <marc:datafield tag="260" ind1=" " ind2=" "/>
      <marc:datafield tag="520" ind1=" " ind2=" ">
         <marc:subfield code="a">Abstract: The optical responses of 75-150 nm diameter gold nanorings to changes in local refractive index have been quantified by near-infrared extinction spectroscopy and compared to DDA calculations and an analytical approach. The "bulk" refractive index sensitivities of gold nanorings are substantially (&gt;5 times) larger than those of nanodisks with similar diameters. Nanorings retain a significantly larger sensitivity than nanodisks at the same spectral position, demonstrating a clear shape dependence that may correlate to a systematic difference in the influence of the dielectric substrate. The nanoring bulk refractive index sensitivity scales linearly with plasmon peak position. The spectral sensitivity to thin films of alkanethiols gave a shift of  5.2 nm/CH2 unit while bulk sensitivities as high as 880 nm/RIU were observed, the highest such reported sensitivities. Both bulk and thin dielectric film sensitivities correlated well with theory. Real-time label-free monitoring of protein binding via molecular recognition was demonstrated.</marc:subfield>
      </marc:datafield>
      <marc:datafield tag="773" ind1="0" ind2=" ">
         <marc:subfield code="q">7:5&lt;1256</marc:subfield>
         <marc:subfield code="t">Nano Lett.</marc:subfield>
         <marc:subfield code="x">1530-6984</marc:subfield>
      </marc:datafield>
      
      <marc:datafield tag="856" ind1=" " ind2=" ">
         <marc:subfield code="u">10.1021/nl0701612</marc:subfield>
      </marc:datafield>
      <marc:datafield tag="856" ind1=" " ind2=" ">
         <marc:subfield code="u">http://dx.doi.org/10.1021/nl0701612</marc:subfield>
      </marc:datafield>
   </marc:record>