
   <marc:record>
      <marc:leader>     nam  22     uu 4500</marc:leader>
      <marc:controlfield tag="008">      |           ||||||||||||||||||||||</marc:controlfield>
      <marc:datafield tag="245" ind1="1" ind2="0">
         <marc:subfield code="a">Mechanisms of Spectral Profile Modification in Surface-Enhanced Fluorescence</marc:subfield>
      </marc:datafield>
      <marc:datafield tag="700" ind1="1" ind2=" ">
         <marc:subfield code="a">E. C. Le Ru</marc:subfield>
         <marc:subfield code="e">author</marc:subfield>
         <marc:subfield code="u">Laboratoire ITODYS, Université Paris 7 - Denis Diderot, CNRS UMR 7086, 1 rue Guy de la Brosse, F - 75005 Paris, France</marc:subfield>
      </marc:datafield>
      <marc:datafield tag="700" ind1="1" ind2=" ">
         <marc:subfield code="a">P. G. Etchegoin</marc:subfield>
         <marc:subfield code="e">author</marc:subfield>
         <marc:subfield code="u">Laboratoire ITODYS, Université Paris 7 - Denis Diderot, CNRS UMR 7086, 1 rue Guy de la Brosse, F - 75005 Paris, France</marc:subfield>
      </marc:datafield>
      <marc:datafield tag="700" ind1="1" ind2=" ">
         <marc:subfield code="a">J. Grand</marc:subfield>
         <marc:subfield code="e">author</marc:subfield>
         <marc:subfield code="u">Laboratoire ITODYS, Université Paris 7 - Denis Diderot, CNRS UMR 7086, 1 rue Guy de la Brosse, F - 75005 Paris, France</marc:subfield>
      </marc:datafield>
      <marc:datafield tag="700" ind1="1" ind2=" ">
         <marc:subfield code="a">N. Felidj</marc:subfield>
         <marc:subfield code="e">author</marc:subfield>
         <marc:subfield code="u">Laboratoire ITODYS, Université Paris 7 - Denis Diderot, CNRS UMR 7086, 1 rue Guy de la Brosse, F - 75005 Paris, France</marc:subfield>
      </marc:datafield>
      <marc:datafield tag="700" ind1="1" ind2=" ">
         <marc:subfield code="a">J. Aubard</marc:subfield>
         <marc:subfield code="e">author</marc:subfield>
         <marc:subfield code="u">Laboratoire ITODYS, Université Paris 7 - Denis Diderot, CNRS UMR 7086, 1 rue Guy de la Brosse, F - 75005 Paris, France</marc:subfield>
      </marc:datafield>
      <marc:datafield tag="700" ind1="1" ind2=" ">
         <marc:subfield code="a">G. Levi</marc:subfield>
         <marc:subfield code="e">author</marc:subfield>
         <marc:subfield code="u">Laboratoire ITODYS, Université Paris 7 - Denis Diderot, CNRS UMR 7086, 1 rue Guy de la Brosse, F - 75005 Paris, France</marc:subfield>
      </marc:datafield>
      
      <marc:datafield tag="655" ind1=" " ind2="7">
         <marc:subfield code="a">journal article</marc:subfield>
      </marc:datafield>
      <marc:datafield tag="655" ind1=" " ind2="7">
         <marc:subfield code="a">article</marc:subfield>
         <marc:subfield code="2">bibtex</marc:subfield>
      </marc:datafield>
      <marc:datafield tag="260" ind1=" " ind2=" "/>
      <marc:datafield tag="520" ind1=" " ind2=" ">
         <marc:subfield code="a">Abstract: We study the importance of an often-overlooked aspect of surface-enhanced fluorescence (SEF): the spectral profile modification (SPM) that should accompany any plasmon-resonance-mediated enhancement or quenching of the fluorescence close to metal surfaces. We argue theoretically and demonstrate experimentally that under SEF conditions the plasmon resonances affect not only the fluorescence intensity (enhancement or quenching) but also its spectral profile, sometimes to a point where the original fluorescence spectrum may no longer be recognizable as such. Moreover, we argue that the modified excited-state decay rate may, under certain conditions, become comparable to the internal relaxation rate. This effect leads to a new fluorescence mechanism, which we call fast-dynamics SEF (FDSEF), where the spectral profile is affected by the relaxation dynamics in the excited state (in addition to the plasmon resonance). Finally, we propose that the so-called surface-enhanced Raman scattering (SERS) continuum may, in many instances, be interpreted in terms of a SPM of the SEF (in its simplest form or as FDSEF). Experimental evidence using highly uniform nanolithography-prepared gold nanostructures are provided to support these ideas.</marc:subfield>
      </marc:datafield>
      <marc:datafield tag="773" ind1="0" ind2=" ">
         <marc:subfield code="q">111:44&lt;16076</marc:subfield>
         <marc:subfield code="t">J. Phys. Chem. C</marc:subfield>
         <marc:subfield code="x">1932-7447</marc:subfield>
      </marc:datafield>
      
      <marc:datafield tag="856" ind1=" " ind2=" ">
         <marc:subfield code="u">10.1021/jp076003g</marc:subfield>
      </marc:datafield>
      <marc:datafield tag="856" ind1=" " ind2=" ">
         <marc:subfield code="u">http://dx.doi.org/10.1021/jp076003g</marc:subfield>
      </marc:datafield>
   </marc:record>