
   <marc:record>
      <marc:leader>     nam  22     uu 4500</marc:leader>
      <marc:controlfield tag="008">      |           ||||||||||||||||||||||</marc:controlfield>
      <marc:datafield tag="245" ind1="1" ind2="0">
         <marc:subfield code="a">On the Absorption Cross Section of CdSe Nanocrystal Quantum Dots</marc:subfield>
      </marc:datafield>
      <marc:datafield tag="700" ind1="1" ind2=" ">
         <marc:subfield code="a">C. A. Leatherdale</marc:subfield>
         <marc:subfield code="e">author</marc:subfield>
      </marc:datafield>
      <marc:datafield tag="700" ind1="1" ind2=" ">
         <marc:subfield code="a">W.-K. Woo</marc:subfield>
         <marc:subfield code="e">author</marc:subfield>
      </marc:datafield>
      <marc:datafield tag="700" ind1="1" ind2=" ">
         <marc:subfield code="a">F. V. Mikulec</marc:subfield>
         <marc:subfield code="e">author</marc:subfield>
      </marc:datafield>
      <marc:datafield tag="700" ind1="1" ind2=" ">
         <marc:subfield code="a">M. G. Bawendi</marc:subfield>
         <marc:subfield code="e">author</marc:subfield>
      </marc:datafield>
      
      <marc:datafield tag="655" ind1=" " ind2="7">
         <marc:subfield code="a">journal article</marc:subfield>
      </marc:datafield>
      <marc:datafield tag="655" ind1=" " ind2="7">
         <marc:subfield code="a">article</marc:subfield>
         <marc:subfield code="2">bibtex</marc:subfield>
      </marc:datafield>
      <marc:datafield tag="260" ind1=" " ind2=" "/>
      <marc:datafield tag="520" ind1=" " ind2=" ">
         <marc:subfield code="a">The linear absorption cross section is a crucial parameter to the design of nanocrystal quantum dot devices and to the interpretation of spectroscopic data. We measure and report the size-dependent absorption cross section of CdSe nanocrystal quantum dots. We compare the results for absorption far above the band edge, where the quantum dot density of states may be approximated as a continuum, to simple theoretical models of light scattering from light-absorbing small particles. Excellent agreement with theory is found for dilute dispersions in hexane. We find that for absorption at 350 nm the per particle absorption cross section C-abs (in cm(2)) for CdSe is C-abs = (5.501 x 10(5))a(3) cm(-1), where a is the particle radius in cm. The absorption cross section is observed to be largely insensitive to the solvent refractive index. Detailed modeling of the effect of the ligand shell may be necessary to understand the lack of sensitivity of the absorption properties of nanocrystal quantum dots to the refractive index of the medium.</marc:subfield>
      </marc:datafield>
      <marc:datafield tag="650" ind1="1" ind2=" ">
         <marc:subfield code="a">semiconductor nanocrystals</marc:subfield>
         <marc:subfield code="x">optical-properties</marc:subfield>
         <marc:subfield code="x">oscillator strength</marc:subfield>
         <marc:subfield code="x">size dependence</marc:subfield>
         <marc:subfield code="x">crystallites</marc:subfield>
      </marc:datafield>
      <marc:datafield tag="773" ind1="0" ind2=" ">
         <marc:subfield code="q">106:31&lt;7619</marc:subfield>
         <marc:subfield code="t">J. Phys. Chem. B</marc:subfield>
      </marc:datafield>
      
      <marc:datafield tag="856" ind1=" " ind2=" ">
         <marc:subfield code="u">10.1021/jp025698c</marc:subfield>
      </marc:datafield>
      <marc:datafield tag="856" ind1=" " ind2=" ">
         <marc:subfield code="u">http://dx.doi.org/10.1021/jp025698c</marc:subfield>
      </marc:datafield>
   </marc:record>