
   <marc:record>
      <marc:leader>     nam  22     uu 4500</marc:leader>
      <marc:controlfield tag="008">      |           ||||||||||||||||||||||</marc:controlfield>
      <marc:datafield tag="245" ind1="1" ind2="0">
         <marc:subfield code="a">Surface-Enhanced Fluorescence and Reverse Saturable Absorption on Silver Nanoparticles</marc:subfield>
      </marc:datafield>
      <marc:datafield tag="700" ind1="1" ind2=" ">
         <marc:subfield code="a">I-Yin Sandy Lee</marc:subfield>
         <marc:subfield code="e">author</marc:subfield>
      </marc:datafield>
      <marc:datafield tag="700" ind1="1" ind2=" ">
         <marc:subfield code="a">Honoh Suzuki</marc:subfield>
         <marc:subfield code="e">author</marc:subfield>
      </marc:datafield>
      <marc:datafield tag="700" ind1="1" ind2=" ">
         <marc:subfield code="a">Kanako Ito</marc:subfield>
         <marc:subfield code="e">author</marc:subfield>
      </marc:datafield>
      <marc:datafield tag="700" ind1="1" ind2=" ">
         <marc:subfield code="a">Yusuke Yasuda</marc:subfield>
         <marc:subfield code="e">author</marc:subfield>
      </marc:datafield>
      
      <marc:datafield tag="655" ind1=" " ind2="7">
         <marc:subfield code="a">journal article</marc:subfield>
      </marc:datafield>
      <marc:datafield tag="655" ind1=" " ind2="7">
         <marc:subfield code="a">article</marc:subfield>
         <marc:subfield code="2">bibtex</marc:subfield>
      </marc:datafield>
      <marc:datafield tag="260" ind1=" " ind2=" "/>
      <marc:datafield tag="520" ind1=" " ind2=" ">
         <marc:subfield code="a">Langmuir isotherm is applied to analyze the laser-induced fluorescence from solutions containing silver nanoparticles and tris(2,2'-bipyridyl)ruthenium(II) chloride. Fluorescence enhancement factors based on the simple adsorption model are found to be 47-90, depending on the nanoparticle concentration. The enhancement is attributed to the laser-induced free-carrier absorption on the silver surfaces, which is a reverse saturable absorption process, at the excitation wavelength of 532 nm.</marc:subfield>
      </marc:datafield>
      <marc:datafield tag="650" ind1="1" ind2=" ">
         <marc:subfield code="a">ELECTRON-TRANSFER</marc:subfield>
         <marc:subfield code="x">ENERGY-TRANSFER</marc:subfield>
         <marc:subfield code="x">RAMAN-SPECTROSCOPY</marc:subfield>
         <marc:subfield code="x">METAL-COMPLEXES</marc:subfield>
         <marc:subfield code="x">ISLAND FILMS</marc:subfield>
         <marc:subfield code="x">MOLECULES</marc:subfield>
         <marc:subfield code="x">GOLD</marc:subfield>
         <marc:subfield code="x">AGGREGATION</marc:subfield>
         <marc:subfield code="x">PARTICLES</marc:subfield>
         <marc:subfield code="x">SEMICONDUCTORS</marc:subfield>
      </marc:datafield>
      <marc:datafield tag="773" ind1="0" ind2=" ">
         <marc:subfield code="q">108:50&lt;19368</marc:subfield>
         <marc:subfield code="t">J. Phys. Chem. B</marc:subfield>
      </marc:datafield>
      
      <marc:datafield tag="856" ind1=" " ind2=" ">
         <marc:subfield code="u">10.1021/jp0471554</marc:subfield>
      </marc:datafield>
      <marc:datafield tag="856" ind1=" " ind2=" ">
         <marc:subfield code="u">http://dx.doi.org/10.1021/jp0471554</marc:subfield>
      </marc:datafield>
   </marc:record>