
   <marc:record>
      <marc:leader>     nam  22     uu 4500</marc:leader>
      <marc:controlfield tag="008">      |           ||||||||||||||||||||||</marc:controlfield>
      <marc:datafield tag="245" ind1="1" ind2="0">
         <marc:subfield code="a">Fluorescence Properties of Dyes Adsorbed io Silver-Islands, Investigated by Picosecond Techniques</marc:subfield>
      </marc:datafield>
      <marc:datafield tag="700" ind1="1" ind2=" ">
         <marc:subfield code="a">A. Leitner</marc:subfield>
         <marc:subfield code="e">author</marc:subfield>
      </marc:datafield>
      <marc:datafield tag="700" ind1="1" ind2=" ">
         <marc:subfield code="a">M. E. Lippitsch</marc:subfield>
         <marc:subfield code="e">author</marc:subfield>
      </marc:datafield>
      <marc:datafield tag="700" ind1="1" ind2=" ">
         <marc:subfield code="a">S. Draxler</marc:subfield>
         <marc:subfield code="e">author</marc:subfield>
      </marc:datafield>
      <marc:datafield tag="700" ind1="1" ind2=" ">
         <marc:subfield code="a">M. Riegler</marc:subfield>
         <marc:subfield code="e">author</marc:subfield>
      </marc:datafield>
      <marc:datafield tag="700" ind1="1" ind2=" ">
         <marc:subfield code="a">F. R. Aussenegg</marc:subfield>
         <marc:subfield code="e">author</marc:subfield>
      </marc:datafield>
      
      <marc:datafield tag="655" ind1=" " ind2="7">
         <marc:subfield code="a">journal article</marc:subfield>
      </marc:datafield>
      <marc:datafield tag="655" ind1=" " ind2="7">
         <marc:subfield code="a">article</marc:subfield>
         <marc:subfield code="2">bibtex</marc:subfield>
      </marc:datafield>
      <marc:datafield tag="260" ind1=" " ind2=" "/>
      <marc:datafield tag="520" ind1=" " ind2=" ">
         <marc:subfield code="a">The fluorescent properties of dye molecules (rhodamine 6G and erythrosin) absorbed on pure glass surfaces and silver island films are investigated by cw and picosecond time-resolved methods. On pure glass surfaces we observe concentration quenching below a critical intermolecular distance (reduction of the fluorescence power per molecule as well as shortened and non-exponential fluorescence decay). On silver islands films the shortening in fluorescence lifetime is more drastic and is nearly independent of the intermolecular distance. This behaviour suggests an electrodynamic interaction between dye monomers and plasmons in metal particles, modified by a damping influence of dye dimers.</marc:subfield>
      </marc:datafield>
      <marc:datafield tag="773" ind1="0" ind2=" ">
         <marc:subfield code="q">36:2&lt;105</marc:subfield>
         <marc:subfield code="t">Appl. Phys. B</marc:subfield>
      </marc:datafield>
      
   </marc:record>