
   <marc:record>
      <marc:leader>     nam  22     uu 4500</marc:leader>
      <marc:controlfield tag="008">      |           ||||||||||||||||||||||</marc:controlfield>
      <marc:datafield tag="245" ind1="1" ind2="0">
         <marc:subfield code="a">Influence of the Solvent on the Surface-Enhanced Raman Spectra of Ruthenium(II) Bipyridyl Complexes</marc:subfield>
      </marc:datafield>
      <marc:datafield tag="700" ind1="1" ind2=" ">
         <marc:subfield code="a">C. Pérez León</marc:subfield>
         <marc:subfield code="e">author</marc:subfield>
      </marc:datafield>
      <marc:datafield tag="700" ind1="1" ind2=" ">
         <marc:subfield code="a">L. Kador</marc:subfield>
         <marc:subfield code="e">author</marc:subfield>
      </marc:datafield>
      <marc:datafield tag="700" ind1="1" ind2=" ">
         <marc:subfield code="a">B. Peng</marc:subfield>
         <marc:subfield code="e">author</marc:subfield>
      </marc:datafield>
      <marc:datafield tag="700" ind1="1" ind2=" ">
         <marc:subfield code="a">M. Thelakkat</marc:subfield>
         <marc:subfield code="e">author</marc:subfield>
      </marc:datafield>
      
      <marc:datafield tag="655" ind1=" " ind2="7">
         <marc:subfield code="a">journal article</marc:subfield>
      </marc:datafield>
      <marc:datafield tag="655" ind1=" " ind2="7">
         <marc:subfield code="a">article</marc:subfield>
         <marc:subfield code="2">bibtex</marc:subfield>
      </marc:datafield>
      <marc:datafield tag="260" ind1=" " ind2=" "/>
      <marc:datafield tag="520" ind1=" " ind2=" ">
         <marc:subfield code="a">In the present work a new dye, [Ru(dcbpyH2)2(bpy-TPA2)](PF6)2, and the well-known (Bu4N)2[Ru(dcbpyH)2(NCS)2] complex were investigated. The electronic transitions of both dyes showed solvatochromic shifts due to specific interactions of the ligands with the solvent molecules. The surface-enhanced Raman (SER) spectra of the dyes dissolved in water, ethanol, and acetonitrile were measured in silver and gold colloidal solutions. The results demonstrate that the dyes were adsorbed on the metallic nanoparticles in different ways for different solvents. It was also found that in the gold colloid, the aqueous solutions of both dyes did not produce any SERS signal, whereas in ethanolic solution the SERS effect was very weak. Deprotonation, H-bonding, and donor-acceptor interactions seem to determine these different behaviors. Our results indicate the important role of the charge-transfer mechanism in SERS.</marc:subfield>
      </marc:datafield>
      <marc:datafield tag="650" ind1="1" ind2=" ">
         <marc:subfield code="a">tio2 solar-cells</marc:subfield>
         <marc:subfield code="x">(2</marc:subfield>
         <marc:subfield code="x">2'-bipyridyl-4</marc:subfield>
         <marc:subfield code="x">4'-dicarboxylic acid)ruthenium(ii) complexes</marc:subfield>
         <marc:subfield code="x">charge-transfer transitions</marc:subfield>
         <marc:subfield code="x">normal-coordinate analysis</marc:subfield>
         <marc:subfield code="x">nanocrystalline titania</marc:subfield>
         <marc:subfield code="x">vibrational-spectra</marc:subfield>
         <marc:subfield code="x">state</marc:subfield>
         <marc:subfield code="x">scattering</marc:subfield>
         <marc:subfield code="x">silver</marc:subfield>
         <marc:subfield code="x">acid</marc:subfield>
      </marc:datafield>
      <marc:datafield tag="773" ind1="0" ind2=" ">
         <marc:subfield code="q">109:12&lt;5783</marc:subfield>
         <marc:subfield code="t">J. Phys. Chem. B</marc:subfield>
      </marc:datafield>
      
      <marc:datafield tag="856" ind1=" " ind2=" ">
         <marc:subfield code="u">10.1021/jp044946x</marc:subfield>
      </marc:datafield>
      <marc:datafield tag="856" ind1=" " ind2=" ">
         <marc:subfield code="u">http://dx.doi.org/10.1021/jp044946x</marc:subfield>
      </marc:datafield>
   </marc:record>