
   <marc:record>
      <marc:leader>     nam  22     uu 4500</marc:leader>
      <marc:controlfield tag="008">      |           ||||||||||||||||||||||</marc:controlfield>
      <marc:datafield tag="245" ind1="1" ind2="0">
         <marc:subfield code="a">A DNA-detection platform with integrated photodiodes on a silicon chip</marc:subfield>
      </marc:datafield>
      <marc:datafield tag="700" ind1="1" ind2=" ">
         <marc:subfield code="a">Jiong Li</marc:subfield>
         <marc:subfield code="e">author</marc:subfield>
      </marc:datafield>
      <marc:datafield tag="700" ind1="1" ind2=" ">
         <marc:subfield code="a">Chen Xu</marc:subfield>
         <marc:subfield code="e">author</marc:subfield>
      </marc:datafield>
      <marc:datafield tag="700" ind1="1" ind2=" ">
         <marc:subfield code="a">Zhikuan Zhang</marc:subfield>
         <marc:subfield code="e">author</marc:subfield>
      </marc:datafield>
      <marc:datafield tag="700" ind1="1" ind2=" ">
         <marc:subfield code="a">Yijin Wang</marc:subfield>
         <marc:subfield code="e">author</marc:subfield>
      </marc:datafield>
      <marc:datafield tag="700" ind1="1" ind2=" ">
         <marc:subfield code="a">Huajun Peng</marc:subfield>
         <marc:subfield code="e">author</marc:subfield>
      </marc:datafield>
      <marc:datafield tag="700" ind1="1" ind2=" ">
         <marc:subfield code="a">Zuhong Lu</marc:subfield>
         <marc:subfield code="e">author</marc:subfield>
      </marc:datafield>
      <marc:datafield tag="700" ind1="1" ind2=" ">
         <marc:subfield code="a">Mansun Chan</marc:subfield>
         <marc:subfield code="e">author</marc:subfield>
      </marc:datafield>
      
      <marc:datafield tag="655" ind1=" " ind2="7">
         <marc:subfield code="a">journal article</marc:subfield>
      </marc:datafield>
      <marc:datafield tag="655" ind1=" " ind2="7">
         <marc:subfield code="a">article</marc:subfield>
         <marc:subfield code="2">bibtex</marc:subfield>
      </marc:datafield>
      <marc:datafield tag="260" ind1=" " ind2=" "/>
      <marc:datafield tag="520" ind1=" " ind2=" ">
         <marc:subfield code="a">In this paper, we had proposed a silicon integrated circuit (IC) compatible DNA-detection platform using photodiode and ordinary optical illumination to detect DNA hybridization events occurred on the chip surface. The method utilizes gold nanoparticle labeling and silver enhancement to generate opaque surface at area with target DNA hybridization. A photodiode fabricated underneath the supporting surface can then be used to detect the light intensity changes, before and after the silver enhancement. With this technique, we have successfully discriminated single base-mismatched DNA from matched DNA sequence, and the detection limit could be as low as 10 pM. By exploiting the advanced modern IC manufacturing technology and the well-established electrochemical immobilization of DNA, this approach has the potential to be used to construct a portable high-density DNA nanoarray system with fully electronic readout. &amp;COPY; 2004 Elsevier B.V. All rights reserved.</marc:subfield>
      </marc:datafield>
      <marc:datafield tag="650" ind1="1" ind2=" ">
         <marc:subfield code="a">dip-pen nanolithography</marc:subfield>
         <marc:subfield code="x">nanoparticle probes</marc:subfield>
         <marc:subfield code="x">electrical detection</marc:subfield>
         <marc:subfield code="x">hybridization</marc:subfield>
         <marc:subfield code="x">array</marc:subfield>
         <marc:subfield code="x">oligonucleotides</marc:subfield>
         <marc:subfield code="x">microarrays</marc:subfield>
         <marc:subfield code="x">surface</marc:subfield>
         <marc:subfield code="x">tool</marc:subfield>
      </marc:datafield>
      <marc:datafield tag="773" ind1="0" ind2=" ">
         <marc:subfield code="q">106:1&lt;378</marc:subfield>
         <marc:subfield code="t">Sens. Actuator B-Chem.</marc:subfield>
      </marc:datafield>
      
      <marc:datafield tag="856" ind1=" " ind2=" ">
         <marc:subfield code="u">10.1016/j.snb.2004.08.019</marc:subfield>
      </marc:datafield>
      <marc:datafield tag="856" ind1=" " ind2=" ">
         <marc:subfield code="u">http://www.sciencedirect.com/science/article/B6THH-4DD8JV4-K/2/6a7af5dce1c1e3f5219fa04e3ea34115</marc:subfield>
      </marc:datafield>
      <marc:datafield tag="856" ind1=" " ind2=" ">
         <marc:subfield code="u">http://dx.doi.org/10.1016/j.snb.2004.08.019</marc:subfield>
      </marc:datafield>
   </marc:record>