
   <marc:record>
      <marc:leader>     nam  22     uu 4500</marc:leader>
      <marc:controlfield tag="008">      |           ||||||||||||||||||||||</marc:controlfield>
      <marc:datafield tag="245" ind1="1" ind2="0">
         <marc:subfield code="a">Local-Field Enhancement and Quantum Yield of Metallic Dimer</marc:subfield>
      </marc:datafield>
      <marc:datafield tag="700" ind1="1" ind2=" ">
         <marc:subfield code="a">Jiunn-Woei Liaw</marc:subfield>
         <marc:subfield code="e">author</marc:subfield>
      </marc:datafield>
      
      <marc:datafield tag="655" ind1=" " ind2="7">
         <marc:subfield code="a">journal article</marc:subfield>
      </marc:datafield>
      <marc:datafield tag="655" ind1=" " ind2="7">
         <marc:subfield code="a">article</marc:subfield>
         <marc:subfield code="2">bibtex</marc:subfield>
      </marc:datafield>
      <marc:datafield tag="260" ind1=" " ind2=" "/>
      <marc:datafield tag="520" ind1=" " ind2=" ">
         <marc:subfield code="a">The nanostructure of a metallic dimer, a pair of metallic (Au or Ag) nanoscatterers containing a molecule within its gap, is studied for the purpose of the enhancement of a single molecule's fluorescence due to the coupling surface plasmon resonance of the dimer. For simplicity, a two-dimensional transverse magnetic model is used for simulation, and a set of new surface integral equations is developed for the calculation of the electromagnetic field. The process of fluorescence is simply divided into two stages, the excitation and the emission, for analysis. For the former, an incident plane wave illuminating the structure to excite the molecule is simulated. For the latter, another model, an electric dipole within the gap of the dimer, is used to simulate the excited molecule interacting with the dimer. The results show that a metallic dimer behaves as a nanolens to provide a strong local electric field in the gap to excite the molecule, and its quantum yield behaves as a low-pass filter as well as an orientizer for the fluorescence emission.</marc:subfield>
      </marc:datafield>
      <marc:datafield tag="773" ind1="0" ind2=" ">
         <marc:subfield code="q">46:8A&lt;5373</marc:subfield>
         <marc:subfield code="t">Jpn. J. Appl. Phys.</marc:subfield>
      </marc:datafield>
      
      <marc:datafield tag="856" ind1=" " ind2=" ">
         <marc:subfield code="u">10.1143/JJAP.46.5373</marc:subfield>
      </marc:datafield>
      <marc:datafield tag="856" ind1=" " ind2=" ">
         <marc:subfield code="u">http://dx.doi.org/10.1143/JJAP.46.5373</marc:subfield>
      </marc:datafield>
   </marc:record>