
   <marc:record>
      <marc:leader>     nam  22     uu 4500</marc:leader>
      <marc:controlfield tag="008">      |           ||||||||||||||||||||||</marc:controlfield>
      <marc:datafield tag="245" ind1="1" ind2="0">
         <marc:subfield code="a">Development of Multiplex Dyes: Intramolecular Fluorescence Quenching of Rhodamine Dyes</marc:subfield>
      </marc:datafield>
      <marc:datafield tag="700" ind1="1" ind2=" ">
         <marc:subfield code="a">U. Lieberwirth</marc:subfield>
         <marc:subfield code="e">author</marc:subfield>
      </marc:datafield>
      <marc:datafield tag="700" ind1="1" ind2=" ">
         <marc:subfield code="a">M. Sauer</marc:subfield>
         <marc:subfield code="e">author</marc:subfield>
      </marc:datafield>
      <marc:datafield tag="700" ind1="1" ind2=" ">
         <marc:subfield code="a">J. Arden-Jacob</marc:subfield>
         <marc:subfield code="e">author</marc:subfield>
      </marc:datafield>
      <marc:datafield tag="700" ind1="1" ind2=" ">
         <marc:subfield code="a">K. H. Drexhage</marc:subfield>
         <marc:subfield code="e">author</marc:subfield>
      </marc:datafield>
      <marc:datafield tag="700" ind1="1" ind2=" ">
         <marc:subfield code="a">S. Nord</marc:subfield>
         <marc:subfield code="e">author</marc:subfield>
      </marc:datafield>
      <marc:datafield tag="700" ind1="1" ind2=" ">
         <marc:subfield code="a">S. Seeger</marc:subfield>
         <marc:subfield code="e">author</marc:subfield>
      </marc:datafield>
      <marc:datafield tag="700" ind1="1" ind2=" ">
         <marc:subfield code="a">A. Schulz</marc:subfield>
         <marc:subfield code="e">author</marc:subfield>
      </marc:datafield>
      <marc:datafield tag="700" ind1="1" ind2=" ">
         <marc:subfield code="a">J. Wolfrum</marc:subfield>
         <marc:subfield code="e">author</marc:subfield>
      </marc:datafield>
      
      <marc:datafield tag="655" ind1=" " ind2="7">
         <marc:subfield code="a">journal article</marc:subfield>
      </marc:datafield>
      <marc:datafield tag="655" ind1=" " ind2="7">
         <marc:subfield code="a">article</marc:subfield>
         <marc:subfield code="2">bibtex</marc:subfield>
      </marc:datafield>
      <marc:datafield tag="260" ind1=" " ind2=" "/>
      <marc:datafield tag="520" ind1=" " ind2=" ">
         <marc:subfield code="a">With the introduction of different quenching moieties in already existing rhodamine dyes we were able to develop new dyes with nearly identical absorption and emission characteristics but different fluorescent lifetimes and quantum yields, so called multiplex dyes. Optical excitation of the rhodamine chromophor induces an intramolecular electron transfer between the rhodamine subunit and the quenching molecule. As predicted by the classical theory of electron transfer we can control the rate of electron transfer by the distance between the donor and the acceptor, e.g. different coupling positions and spacers, and the polarity of the surrounding medium. We investigated the following quenchers: m-, o- and p-nitrobenzylamine, p-dimethylaminobenzylamine and p-methoxybenzylamine.</marc:subfield>
      </marc:datafield>
      <marc:datafield tag="650" ind1="1" ind2=" ">
         <marc:subfield code="a">Fluorescence</marc:subfield>
         <marc:subfield code="x">photoinduced electron transfer</marc:subfield>
         <marc:subfield code="x">time-resolved spectroscopy</marc:subfield>
         <marc:subfield code="x">multiplex dyes</marc:subfield>
      </marc:datafield>
      <marc:datafield tag="773" ind1="0" ind2=" ">
         <marc:subfield code="q">7:1&lt;59(S)</marc:subfield>
         <marc:subfield code="t">J. Fluorescence</marc:subfield>
      </marc:datafield>
      
   </marc:record>