
   <marc:record>
      <marc:leader>     nam  22     uu 4500</marc:leader>
      <marc:controlfield tag="008">      |           ||||||||||||||||||||||</marc:controlfield>
      <marc:datafield tag="245" ind1="1" ind2="0">
         <marc:subfield code="a">Adsorption of Cyanine Dyes on Gold Nanoparticles and Formation of J-Aggregates in the Nanoparticle Assembly</marc:subfield>
      </marc:datafield>
      <marc:datafield tag="700" ind1="1" ind2=" ">
         <marc:subfield code="a">I-Im S. Lim</marc:subfield>
         <marc:subfield code="e">author</marc:subfield>
      </marc:datafield>
      <marc:datafield tag="700" ind1="1" ind2=" ">
         <marc:subfield code="a">Frank Goroleski</marc:subfield>
         <marc:subfield code="e">author</marc:subfield>
      </marc:datafield>
      <marc:datafield tag="700" ind1="1" ind2=" ">
         <marc:subfield code="a">Derrick Mott</marc:subfield>
         <marc:subfield code="e">author</marc:subfield>
      </marc:datafield>
      <marc:datafield tag="700" ind1="1" ind2=" ">
         <marc:subfield code="a">Nancy Kariuki</marc:subfield>
         <marc:subfield code="e">author</marc:subfield>
      </marc:datafield>
      <marc:datafield tag="700" ind1="1" ind2=" ">
         <marc:subfield code="a">Wui Ip</marc:subfield>
         <marc:subfield code="e">author</marc:subfield>
      </marc:datafield>
      <marc:datafield tag="700" ind1="1" ind2=" ">
         <marc:subfield code="a">Jin Luo</marc:subfield>
         <marc:subfield code="e">author</marc:subfield>
      </marc:datafield>
      <marc:datafield tag="700" ind1="1" ind2=" ">
         <marc:subfield code="a">Chuan-Jian Zhong</marc:subfield>
         <marc:subfield code="e">author</marc:subfield>
      </marc:datafield>
      
      <marc:datafield tag="655" ind1=" " ind2="7">
         <marc:subfield code="a">journal article</marc:subfield>
      </marc:datafield>
      <marc:datafield tag="655" ind1=" " ind2="7">
         <marc:subfield code="a">article</marc:subfield>
         <marc:subfield code="2">bibtex</marc:subfield>
      </marc:datafield>
      <marc:datafield tag="260" ind1=" " ind2=" "/>
      <marc:datafield tag="520" ind1=" " ind2=" ">
         <marc:subfield code="a">This paper describes the results of an investigation of the interparticle interactions and reactivities in the assembly of gold nanoparticles mediated by cyanine dyes. The combination of the positively charged indolenine cyanine dyes and the negatively charged gold nanoparticles is shown to form a J-aggregate bridged assembly of nanoparticles, in addition to hydrophobic interparticle and electrostatic dye-particle interactions. Such interparticle interactions and reactivities are studied by probing the absorption of J-aggregates and fluorescence from the dyes and the surface plasmon resonance absorption from the nanoparticles. The J-aggregation of the dyes adsorbed on the nanoparticles is shown to play an important role in the assembly of nanoparticles. The spectral evolution of the J-band of the dyes and the surface plasmon resonance band of the nanoparticles was found to be sensitive to the nature of the charge and the structure of the dyes. The fluorescence quenching for the dyes was shown to be quantitatively related to the surface coverage of the dyes on the nanocrystal surfaces. These findings have provided important information for assessing a two-step process involving a rapid adsorption of the dyes on the nanoparticles and a subsequent assembly of the nanoparticles involving a combination of interparticle J-aggregation and hydrophobic interactions of the adsorbed dyes. The results are discussed in terms of the structural effects of the dyes, and the interparticle molecular interactions and reactivities, which provide important physical and chemical insights into the design of dye-nanoparticle structured functional nanomaterials.</marc:subfield>
      </marc:datafield>
      <marc:datafield tag="773" ind1="0" ind2=" ">
         <marc:subfield code="q">110:13&lt;6673</marc:subfield>
         <marc:subfield code="t">J. Phys. Chem. B</marc:subfield>
      </marc:datafield>
      
      <marc:datafield tag="856" ind1=" " ind2=" ">
         <marc:subfield code="u">10.1021/jp057584h</marc:subfield>
      </marc:datafield>
      <marc:datafield tag="856" ind1=" " ind2=" ">
         <marc:subfield code="u">http://dx.doi.org/10.1021/jp057584h</marc:subfield>
      </marc:datafield>
   </marc:record>