
   <marc:record>
      <marc:leader>     nam  22     uu 4500</marc:leader>
      <marc:controlfield tag="008">      |           ||||||||||||||||||||||</marc:controlfield>
      <marc:datafield tag="245" ind1="1" ind2="0">
         <marc:subfield code="a">Visible to Infrared Luminescence from a 28-Atom Gold Cluster</marc:subfield>
      </marc:datafield>
      <marc:datafield tag="700" ind1="1" ind2=" ">
         <marc:subfield code="a">Stephan Link</marc:subfield>
         <marc:subfield code="e">author</marc:subfield>
      </marc:datafield>
      <marc:datafield tag="700" ind1="1" ind2=" ">
         <marc:subfield code="a">Andrew Beeby</marc:subfield>
         <marc:subfield code="e">author</marc:subfield>
      </marc:datafield>
      <marc:datafield tag="700" ind1="1" ind2=" ">
         <marc:subfield code="a">Simon FitzGerald</marc:subfield>
         <marc:subfield code="e">author</marc:subfield>
      </marc:datafield>
      <marc:datafield tag="700" ind1="1" ind2=" ">
         <marc:subfield code="a">Mostafa A. El-Sayed</marc:subfield>
         <marc:subfield code="e">author</marc:subfield>
      </marc:datafield>
      <marc:datafield tag="700" ind1="1" ind2=" ">
         <marc:subfield code="a">T. Gregory Schaaff</marc:subfield>
         <marc:subfield code="e">author</marc:subfield>
      </marc:datafield>
      <marc:datafield tag="700" ind1="1" ind2=" ">
         <marc:subfield code="a">Robert L. Whetten</marc:subfield>
         <marc:subfield code="e">author</marc:subfield>
      </marc:datafield>
      
      <marc:datafield tag="655" ind1=" " ind2="7">
         <marc:subfield code="a">journal article</marc:subfield>
      </marc:datafield>
      <marc:datafield tag="655" ind1=" " ind2="7">
         <marc:subfield code="a">article</marc:subfield>
         <marc:subfield code="2">bibtex</marc:subfield>
      </marc:datafield>
      <marc:datafield tag="260" ind1=" " ind2=" "/>
      <marc:datafield tag="520" ind1=" " ind2=" ">
         <marc:subfield code="a">The luminescence properties of chemically prepared gold nanoclusters, each composed of a 28-atom core and a glutathione (GSH) adsorbate layer consisting of 16 molecules, were investigated. These clusters show a distinct absorption onset at 1.3 eV corresponding to the opening of an electronic gap within the conduction band (HOMO-LUMO gap). Here we report on the radiative properties of these molecular-like gold clusters. By using a combination of different detectors with sensitivities in the visible to the infrared (2.0-0.8 eV), a broad luminescence extending over this entire spectral range was observed. Our results further suggest that the luminescence can be separated into two bands with maxima around 1.5 and 1.15 eV indicating that radiative recombination between the ground state and two distinctively different excited states takes place. The origin of the observed luminescence bands is discussed using a solid state as well as a molecular model for the electronic structure and relaxation of the clusters. The total quantum yield of the luminescence as measured at ambient temperature was approximated to be about (3.5 ± 1.0) × 10-3.</marc:subfield>
      </marc:datafield>
      <marc:datafield tag="773" ind1="0" ind2=" ">
         <marc:subfield code="q">106:13&lt;3410</marc:subfield>
         <marc:subfield code="t">J. Phys. Chem. B</marc:subfield>
      </marc:datafield>
      
      <marc:datafield tag="856" ind1=" " ind2=" ">
         <marc:subfield code="u">10.1021/jp014259v</marc:subfield>
      </marc:datafield>
      <marc:datafield tag="856" ind1=" " ind2=" ">
         <marc:subfield code="u">http://dx.doi.org/10.1021/jp014259v</marc:subfield>
      </marc:datafield>
   </marc:record>