
   <marc:record>
      <marc:leader>     nam  22     uu 4500</marc:leader>
      <marc:controlfield tag="008">      |           ||||||||||||||||||||||</marc:controlfield>
      <marc:datafield tag="245" ind1="1" ind2="0">
         <marc:subfield code="a">Template Guided Self-Assembly of [Au55] Clusters on Nanolithographically Defined Monolayer Patterns</marc:subfield>
      </marc:datafield>
      <marc:datafield tag="700" ind1="1" ind2=" ">
         <marc:subfield code="a">Shantang Liu</marc:subfield>
         <marc:subfield code="e">author</marc:subfield>
      </marc:datafield>
      <marc:datafield tag="700" ind1="1" ind2=" ">
         <marc:subfield code="a">Rivka Maoz</marc:subfield>
         <marc:subfield code="e">author</marc:subfield>
      </marc:datafield>
      <marc:datafield tag="700" ind1="1" ind2=" ">
         <marc:subfield code="a">Günter Schmid</marc:subfield>
         <marc:subfield code="e">author</marc:subfield>
      </marc:datafield>
      <marc:datafield tag="700" ind1="1" ind2=" ">
         <marc:subfield code="a">Jacob Sagiv</marc:subfield>
         <marc:subfield code="e">author</marc:subfield>
      </marc:datafield>
      
      <marc:datafield tag="655" ind1=" " ind2="7">
         <marc:subfield code="a">journal article</marc:subfield>
      </marc:datafield>
      <marc:datafield tag="655" ind1=" " ind2="7">
         <marc:subfield code="a">article</marc:subfield>
         <marc:subfield code="2">bibtex</marc:subfield>
      </marc:datafield>
      <marc:datafield tag="260" ind1=" " ind2=" "/>
      <marc:datafield tag="520" ind1=" " ind2=" ">
         <marc:subfield code="a">Planned nanopatterns of [Au55(Ph2PC6H4SO3Na)12Cl6] clusters are generated on smooth silicon surfaces using a "bottom-up" fabrication methodology based on the selective self-assembly of the gold clusters on purpose-designed organic template patterns themselves fabricated via a hierarchical layer-by-layer self-assembly strategy. The patterns are laterally defined by constructive nanolithography, a novel surface patterning process utilizing conductive AFM tips as nanoelectrochemical "pens", with which nanoscale chemical information is inscribed in a nondestructive manner (in the form of a localized chemical transformation) on the top surface of a highly ordered organosilane monolayer self-assembled on silicon. Development of the initial tip-imprinted information is achieved via further self-assembly and chemical derivatization steps. This generic all-chemical approach offers attractive options for the advancement of nanofabrication capabilities that might have real impact on future technologies.</marc:subfield>
      </marc:datafield>
      <marc:datafield tag="773" ind1="0" ind2=" ">
         <marc:subfield code="q">2:10&lt;1055</marc:subfield>
         <marc:subfield code="t">Nano Lett.</marc:subfield>
      </marc:datafield>
      
      <marc:datafield tag="856" ind1=" " ind2=" ">
         <marc:subfield code="u">10.1021/nl025659c</marc:subfield>
      </marc:datafield>
      <marc:datafield tag="856" ind1=" " ind2=" ">
         <marc:subfield code="u">http://dx.doi.org/10.1021/nl025659c</marc:subfield>
      </marc:datafield>
   </marc:record>