
   <marc:record>
      <marc:leader>     nam  22     uu 4500</marc:leader>
      <marc:controlfield tag="008">      |           ||||||||||||||||||||||</marc:controlfield>
      <marc:datafield tag="245" ind1="1" ind2="0">
         <marc:subfield code="a">Synthesis, functionalization, and bioconjugation of monodisperse, silica-coated gold nanoparticles: Robust bioprobes</marc:subfield>
      </marc:datafield>
      <marc:datafield tag="700" ind1="1" ind2=" ">
         <marc:subfield code="a">S. H. Liu</marc:subfield>
         <marc:subfield code="e">author</marc:subfield>
      </marc:datafield>
      <marc:datafield tag="700" ind1="1" ind2=" ">
         <marc:subfield code="a">M. Y. Han</marc:subfield>
         <marc:subfield code="e">author</marc:subfield>
      </marc:datafield>
      
      <marc:datafield tag="655" ind1=" " ind2="7">
         <marc:subfield code="a">journal article</marc:subfield>
      </marc:datafield>
      <marc:datafield tag="655" ind1=" " ind2="7">
         <marc:subfield code="a">article</marc:subfield>
         <marc:subfield code="2">bibtex</marc:subfield>
      </marc:datafield>
      <marc:datafield tag="260" ind1=" " ind2=" "/>
      <marc:datafield tag="520" ind1=" " ind2=" ">
         <marc:subfield code="a">Herein, we report an efficient process for preparing monodisperse Au\SiO2 nanoparticles using homogeneous shaking and without the use of surface-coupling silane agents or large stabilizers. The resulting pure-silica surface of the Au\SiO2nanoparticles is very important for straightforward surface functionalization with different functional groups via well-established silica surface chemistry. {S}ubsequent covalent bioconjugation of the aldehyde-functionalized Au\SiO2 nanoparticles with various biomolecules is successfully employed to make robust nanoprobes for fast, colorimetric {DNA} and protein detection based on the sequence-specific hybridization properties of {DNA} and the specific binding affinity between proteins, respectively.</marc:subfield>
      </marc:datafield>
      <marc:datafield tag="650" ind1="1" ind2=" ">
         <marc:subfield code="a">magnetic nanoparticles</marc:subfield>
         <marc:subfield code="x">surface modification</marc:subfield>
         <marc:subfield code="x">biological detection</marc:subfield>
         <marc:subfield code="x">dna</marc:subfield>
         <marc:subfield code="x">particles</marc:subfield>
         <marc:subfield code="x">nanocrystals</marc:subfield>
         <marc:subfield code="x">biotechnology</marc:subfield>
         <marc:subfield code="x">monolayers</marc:subfield>
         <marc:subfield code="x">chemistry</marc:subfield>
         <marc:subfield code="x">proteins</marc:subfield>
         <marc:subfield code="x">Biosensors</marc:subfield>
         <marc:subfield code="x">Core-shell paticles</marc:subfield>
         <marc:subfield code="x">Gold</marc:subfield>
         <marc:subfield code="x">Nanoparticles</marc:subfield>
         <marc:subfield code="x">metal</marc:subfield>
      </marc:datafield>
      <marc:datafield tag="773" ind1="0" ind2=" ">
         <marc:subfield code="q">15:6&lt;961</marc:subfield>
         <marc:subfield code="t">Adv. Funct. Mater.</marc:subfield>
      </marc:datafield>
      
      <marc:datafield tag="856" ind1=" " ind2=" ">
         <marc:subfield code="u">10.1002/adfm.200400427</marc:subfield>
      </marc:datafield>
      <marc:datafield tag="856" ind1=" " ind2=" ">
         <marc:subfield code="u">http://dx.doi.org/10.1002/adfm.200400427</marc:subfield>
      </marc:datafield>
   </marc:record>