
   <marc:record>
      <marc:leader>     nam  22     uu 4500</marc:leader>
      <marc:controlfield tag="008">      |           ||||||||||||||||||||||</marc:controlfield>
      <marc:datafield tag="245" ind1="1" ind2="0">
         <marc:subfield code="a">Radiative and nonradiative decay rates of molecules adsorbed on clusters of small dielectric particles</marc:subfield>
      </marc:datafield>
      <marc:datafield tag="700" ind1="1" ind2=" ">
         <marc:subfield code="a">Naomi Liver</marc:subfield>
         <marc:subfield code="e">author</marc:subfield>
      </marc:datafield>
      <marc:datafield tag="700" ind1="1" ind2=" ">
         <marc:subfield code="a">Abraham Nitzan</marc:subfield>
         <marc:subfield code="e">author</marc:subfield>
      </marc:datafield>
      <marc:datafield tag="700" ind1="1" ind2=" ">
         <marc:subfield code="a">Karl F. Freed</marc:subfield>
         <marc:subfield code="e">author</marc:subfield>
      </marc:datafield>
      
      <marc:datafield tag="655" ind1=" " ind2="7">
         <marc:subfield code="a">journal article</marc:subfield>
      </marc:datafield>
      <marc:datafield tag="655" ind1=" " ind2="7">
         <marc:subfield code="a">article</marc:subfield>
         <marc:subfield code="2">bibtex</marc:subfield>
      </marc:datafield>
      <marc:datafield tag="260" ind1=" " ind2=" "/>
      <marc:datafield tag="520" ind1=" " ind2=" ">
         <marc:subfield code="a">In this work we shall develop a formalism which extends previous calculations of lifetimes of excited molecular states near planar dielectric surfaces and near single small dielectric particles to situations where the molecule is adsorbed on a cluster made of several dielectric spherical grains. The nonradiative relaxation rate is seen to be relatively weakly dependent on the cluster structure and, if the molecule is adsorbed on one of the grains, is well approximated by the single grain result. The radiative decay rate and hence the quantum yield are much more sensitive to the geometry of the cluster which determines the position (in frequency) of the dielectric resonances of the cluster. The formalism developed here may be used to evaluate local field intensities at different positions within a cluster of dielectric grains under the influence of an external incident field. The Journal of Chemical Physics is copyrighted by The American Institute of Physics.</marc:subfield>
      </marc:datafield>
      <marc:datafield tag="650" ind1="1" ind2=" ">
         <marc:subfield code="a">adsorption</marc:subfield>
         <marc:subfield code="x">radiationless decay</marc:subfield>
         <marc:subfield code="x">relaxation</marc:subfield>
         <marc:subfield code="x">molecular clusters</marc:subfield>
         <marc:subfield code="x">dielectric materials</marc:subfield>
         <marc:subfield code="x">surfaces</marc:subfield>
         <marc:subfield code="x">roughness</marc:subfield>
         <marc:subfield code="x">lifetime</marc:subfield>
         <marc:subfield code="x">excited states</marc:subfield>
         <marc:subfield code="x">molecules</marc:subfield>
         <marc:subfield code="x">agglomeration</marc:subfield>
      </marc:datafield>
      <marc:datafield tag="773" ind1="0" ind2=" ">
         <marc:subfield code="q">82:8&lt;3831</marc:subfield>
         <marc:subfield code="t">J. Chem. Phys.</marc:subfield>
      </marc:datafield>
      
      <marc:datafield tag="856" ind1=" " ind2=" ">
         <marc:subfield code="u">10.1063/1.448873</marc:subfield>
      </marc:datafield>
      <marc:datafield tag="856" ind1=" " ind2=" ">
         <marc:subfield code="u">http://dx.doi.org/10.1063/1.448873</marc:subfield>
      </marc:datafield>
   </marc:record>