
   <marc:record>
      <marc:leader>     nam  22     uu 4500</marc:leader>
      <marc:controlfield tag="008">      |           ||||||||||||||||||||||</marc:controlfield>
      <marc:datafield tag="245" ind1="1" ind2="0">
         <marc:subfield code="a">Fluorescence Enhancements on Silver Colloid Coated Surfaces</marc:subfield>
      </marc:datafield>
      <marc:datafield tag="700" ind1="1" ind2=" ">
         <marc:subfield code="a">Joanna Lukomska</marc:subfield>
         <marc:subfield code="e">author</marc:subfield>
      </marc:datafield>
      <marc:datafield tag="700" ind1="1" ind2=" ">
         <marc:subfield code="a">Joanna Malicka</marc:subfield>
         <marc:subfield code="e">author</marc:subfield>
      </marc:datafield>
      <marc:datafield tag="700" ind1="1" ind2=" ">
         <marc:subfield code="a">Ignacy Gryczynski</marc:subfield>
         <marc:subfield code="e">author</marc:subfield>
      </marc:datafield>
      <marc:datafield tag="700" ind1="1" ind2=" ">
         <marc:subfield code="a">Joseph R. Lakowicz</marc:subfield>
         <marc:subfield code="e">author</marc:subfield>
      </marc:datafield>
      
      <marc:datafield tag="655" ind1=" " ind2="7">
         <marc:subfield code="a">journal article</marc:subfield>
      </marc:datafield>
      <marc:datafield tag="655" ind1=" " ind2="7">
         <marc:subfield code="a">article</marc:subfield>
         <marc:subfield code="2">bibtex</marc:subfield>
      </marc:datafield>
      <marc:datafield tag="260" ind1=" " ind2=" "/>
      <marc:datafield tag="520" ind1=" " ind2=" ">
         <marc:subfield code="a">We observed a strong, more than 16-fold, enhancement of Texas Red-labeled BSA fluorescence emission when deposited on silver colloid coated surfaces (SCCS). The same labeled protein deposited on silver island films (SIFs) showed an approximate 8-fold fluorescence enhancement. The lifetimes of Texas Red-BSA fluorescence are significantly shorter on silvered surfaces than on uncoated quartz substrate indicating a strong change in radiative decay rate of the dyes. We also observed a 36-fold increased brightness of overlabeled fluorescein-HSA deposited on silver colloid coated surface. Stronger enhancement observed for overlabeled Fl-HSA protein indicates that presence of silver particles partially decreased self-quenching. Our results indicate that surfaces coated with silver colloids are valuable substrates for metal-enhanced fluorescence.</marc:subfield>
      </marc:datafield>
      <marc:datafield tag="650" ind1="1" ind2=" ">
         <marc:subfield code="a">Silver island films</marc:subfield>
         <marc:subfield code="x">colloids</marc:subfield>
         <marc:subfield code="x">metal-enhanced fluorescence</marc:subfield>
      </marc:datafield>
      <marc:datafield tag="773" ind1="0" ind2=" ">
         <marc:subfield code="q">14:4&lt;417</marc:subfield>
         <marc:subfield code="t">J. Fluorescence</marc:subfield>
      </marc:datafield>
      
      <marc:datafield tag="856" ind1=" " ind2=" ">
         <marc:subfield code="u">10.1023/B:JOFL.0000031823.04926.75</marc:subfield>
      </marc:datafield>
      <marc:datafield tag="856" ind1=" " ind2=" ">
         <marc:subfield code="u">http://dx.doi.org/10.1023/B:JOFL.0000031823.04926.75</marc:subfield>
      </marc:datafield>
   </marc:record>