
   <marc:record>
      <marc:leader>     nam  22     uu 4500</marc:leader>
      <marc:controlfield tag="008">      |           ||||||||||||||||||||||</marc:controlfield>
      <marc:datafield tag="245" ind1="1" ind2="0">
         <marc:subfield code="a">Fluorescence Quantum Yields and Their Relation to Lifetimes of Rhodamine 6G and Fluorescein in Nine Solvents: Improved Absolute Standards for Quantum Yields</marc:subfield>
      </marc:datafield>
      <marc:datafield tag="700" ind1="1" ind2=" ">
         <marc:subfield code="a">Douglas Magde</marc:subfield>
         <marc:subfield code="e">author</marc:subfield>
      </marc:datafield>
      <marc:datafield tag="700" ind1="1" ind2=" ">
         <marc:subfield code="a">Roger Wong</marc:subfield>
         <marc:subfield code="e">author</marc:subfield>
      </marc:datafield>
      <marc:datafield tag="700" ind1="1" ind2=" ">
         <marc:subfield code="a">Paul G. Seybold</marc:subfield>
         <marc:subfield code="e">author</marc:subfield>
      </marc:datafield>
      
      <marc:datafield tag="655" ind1=" " ind2="7">
         <marc:subfield code="a">journal article</marc:subfield>
      </marc:datafield>
      <marc:datafield tag="655" ind1=" " ind2="7">
         <marc:subfield code="a">article</marc:subfield>
         <marc:subfield code="2">bibtex</marc:subfield>
      </marc:datafield>
      <marc:datafield tag="260" ind1=" " ind2=" "/>
      <marc:datafield tag="520" ind1=" " ind2=" ">
         <marc:subfield code="a">Absolute fluorescence quantum yields are reported for the rhodamine 6G cation and the fluorescein dianion dyes in nine solvents. This information is combined with previously reported fluorescence lifetimes to deduce radiative and nonradiative decay rates. Along the alcohol series from methanol to octanol, rhodamine 6G displays an increasing radiative rate, in parallel with the square of the refractive index increase, and a slightly decreasing nonradiative rate. Fluorescein is different: the apparent radiative rate actually decreases, suggesting that the emissive species is perturbed in some fashion. For both dyes, fluorescence yields are enhanced in D2O, rising to 0.98, in parallel with a corresponding increase in lifetimes. Protonated solvents invariably give shorter lifetimes and lower quantum yields, contrary to some previous speculation. From this work and an analysis of existing literature values, more precise values have been obtained for two previously proposed absolute quantum yield standards. The yield of fluorescein in 0.1 N NaOH(aq) is 0.925 +- 0.015, and for rhodamine 6G in ethanol, it is 0.950 +- 0.015. In both cases, the solutions are assumed to be in the limit of low concentration, excited close to their long-wave absorption band and at room temperature but may be either air-saturated or free of oxygen.</marc:subfield>
      </marc:datafield>
      <marc:datafield tag="773" ind1="0" ind2=" ">
         <marc:subfield code="q">75:4&lt;327</marc:subfield>
         <marc:subfield code="t">Photochem. Photobiol.</marc:subfield>
      </marc:datafield>
      
      <marc:datafield tag="856" ind1=" " ind2=" ">
         <marc:subfield code="u">10.1562/0031-8655(2002)075&lt;0327:FQYATR&gt;2.0. CO;2</marc:subfield>
      </marc:datafield>
      <marc:datafield tag="856" ind1=" " ind2=" ">
         <marc:subfield code="u">http://dx.doi.org/10.1562/0031-8655(2002)075&lt;0327:FQYATR&gt;2.0. CO;2</marc:subfield>
      </marc:datafield>
   </marc:record>