
   <marc:record>
      <marc:leader>     nam  22     uu 4500</marc:leader>
      <marc:controlfield tag="008">      |           ||||||||||||||||||||||</marc:controlfield>
      <marc:datafield tag="245" ind1="1" ind2="0">
         <marc:subfield code="a">Inter- and Intramolecular Fluorescence Quenching of Organic Dyes by Tryptophan</marc:subfield>
      </marc:datafield>
      <marc:datafield tag="700" ind1="1" ind2=" ">
         <marc:subfield code="a">Nicole Marmé</marc:subfield>
         <marc:subfield code="e">author</marc:subfield>
      </marc:datafield>
      <marc:datafield tag="700" ind1="1" ind2=" ">
         <marc:subfield code="a">Jens-Peter Knemeyer</marc:subfield>
         <marc:subfield code="e">author</marc:subfield>
      </marc:datafield>
      <marc:datafield tag="700" ind1="1" ind2=" ">
         <marc:subfield code="a">Markus Sauer</marc:subfield>
         <marc:subfield code="e">author</marc:subfield>
      </marc:datafield>
      <marc:datafield tag="700" ind1="1" ind2=" ">
         <marc:subfield code="a">Jürgen Wolfrum</marc:subfield>
         <marc:subfield code="e">author</marc:subfield>
      </marc:datafield>
      
      <marc:datafield tag="655" ind1=" " ind2="7">
         <marc:subfield code="a">journal article</marc:subfield>
      </marc:datafield>
      <marc:datafield tag="655" ind1=" " ind2="7">
         <marc:subfield code="a">article</marc:subfield>
         <marc:subfield code="2">bibtex</marc:subfield>
      </marc:datafield>
      <marc:datafield tag="260" ind1=" " ind2=" "/>
      <marc:datafield tag="520" ind1=" " ind2=" ">
         <marc:subfield code="a">Steady-state and time-resolved fluorescence measurements were performed to elucidate the fluorescence quenching of oxazine, rhodamine, carbocyanine, and bora-diaza-indacene dyes by amino acids. Among the natural amino acids, tryptophan exhibits the most pronounced quenching efficiency. Especially, the red-absorbing dyes ATTO 655, ATTO 680, and the oxazine derivative MR 121 are strongly quenched almost exclusively by tryptophan due to the formation of weak or nonfluorescent ground-state complexes with association constants, Kass., ranging from 96 to 206 M-1. Rhodamine, fluorescein, and bora-diaza-indacene derivatives that absorb at shorter wavelengths are also quenched substantially by tyrosine residues. The quenching of carbocyanine dyes, such as Cy5, and Alexa 647 by amino acids can be almost neglected. While quenching of ATTO 655, ATTO 680, and the oxazine derivative MR121 by tryptophan is dominated by static quenching, dynamic quenching is more efficient for the two bora-diaza-indacene dyes Bodipy-FL and Bodipy630/650. Labeling of the dyes to tryptophan, tryptophan-containing peptides, and proteins (streptavidin) demonstrates that knowledge of these fluorescence quenching processes is crucial for the development of fluorescence-based diagnostic assays. Changes in the fluorescence quantum yield of dye-labeled peptides and proteins might be used advantageously for the quantification of proteases and specific binding partners.</marc:subfield>
      </marc:datafield>
      <marc:datafield tag="650" ind1="1" ind2=" ">
         <marc:subfield code="a">resonance energy-transfer</marc:subfield>
         <marc:subfield code="x">single-molecule</marc:subfield>
         <marc:subfield code="x">correlation spectroscopy</marc:subfield>
         <marc:subfield code="x">contact formation</marc:subfield>
         <marc:subfield code="x">electron-transfer</marc:subfield>
         <marc:subfield code="x">charge-transfer</marc:subfield>
         <marc:subfield code="x">biotin binding</marc:subfield>
         <marc:subfield code="x">probes</marc:subfield>
         <marc:subfield code="x">dna</marc:subfield>
         <marc:subfield code="x">hybridization</marc:subfield>
      </marc:datafield>
      <marc:datafield tag="773" ind1="0" ind2=" ">
         <marc:subfield code="q">14:6&lt;1133</marc:subfield>
         <marc:subfield code="t">Bioconj. Chem.</marc:subfield>
      </marc:datafield>
      
      <marc:datafield tag="856" ind1=" " ind2=" ">
         <marc:subfield code="u">10.1021/bc0341324</marc:subfield>
      </marc:datafield>
      <marc:datafield tag="856" ind1=" " ind2=" ">
         <marc:subfield code="u">http://dx.doi.org/10.1021/bc0341324</marc:subfield>
      </marc:datafield>
   </marc:record>