
   <marc:record>
      <marc:leader>     nam  22     uu 4500</marc:leader>
      <marc:controlfield tag="008">      |           ||||||||||||||||||||||</marc:controlfield>
      <marc:datafield tag="245" ind1="1" ind2="0">
         <marc:subfield code="a">Elastic scattering and emission correlated with single-molecule SERS</marc:subfield>
      </marc:datafield>
      <marc:datafield tag="700" ind1="1" ind2=" ">
         <marc:subfield code="a">Yoshihiro Maruyama</marc:subfield>
         <marc:subfield code="e">author</marc:subfield>
      </marc:datafield>
      <marc:datafield tag="700" ind1="1" ind2=" ">
         <marc:subfield code="a">Masayuki Futamata</marc:subfield>
         <marc:subfield code="e">author</marc:subfield>
      </marc:datafield>
      
      <marc:datafield tag="655" ind1=" " ind2="7">
         <marc:subfield code="a">journal article</marc:subfield>
      </marc:datafield>
      <marc:datafield tag="655" ind1=" " ind2="7">
         <marc:subfield code="a">article</marc:subfield>
         <marc:subfield code="2">bibtex</marc:subfield>
      </marc:datafield>
      <marc:datafield tag="260" ind1=" " ind2=" "/>
      <marc:datafield tag="520" ind1=" " ind2=" ">
         <marc:subfield code="a">With respect to the origin of single-molecule sensitivity in surface-enhanced Raman scattering (SERS), elastic scattering and emission spectra were studied for Ag particles adsorbed with dye or adenine molecules. The scattering peak observed at 600-650 nm was extinguished during the inactivation process of the enormous SERS signal, whereas localized surface plasmon (LSP) peaks located at 520 and 730 nm did not change significantly. It was found using a numerical simulation that the additional scattering peak arises from increased electromagnetic coupling between the LSP of adjacent Ag particles through dye molecules located at their junction. In addition, two distinct emission peaks were observed at 550-600 and 600-750 nm only for hot Ag particles with adsorbates. Based on the observations for different surface coverages and on different dye species, these bands were attributed to enhanced radiative decay of LSP and fluorescence of molecules, respectively. Interestingly, adenine molecules on the Ag nanoparticles show similar fluorescence peaks at 600-650 nm, suggesting a charge-transfer state upon adsorption.</marc:subfield>
      </marc:datafield>
      <marc:datafield tag="650" ind1="1" ind2=" ">
         <marc:subfield code="a">single-molecule detection</marc:subfield>
         <marc:subfield code="x">surface-enhanced Raman scattering</marc:subfield>
         <marc:subfield code="x">surface plasmon</marc:subfield>
         <marc:subfield code="x">metal nanoparticles</marc:subfield>
      </marc:datafield>
      <marc:datafield tag="773" ind1="0" ind2=" ">
         <marc:subfield code="q">36:6-7&lt;581</marc:subfield>
         <marc:subfield code="t">J. Raman Spectrosc.</marc:subfield>
      </marc:datafield>
      
      <marc:datafield tag="856" ind1=" " ind2=" ">
         <marc:subfield code="u">10.1002/jrs.1350</marc:subfield>
      </marc:datafield>
      <marc:datafield tag="856" ind1=" " ind2=" ">
         <marc:subfield code="u">http://dx.doi.org/10.1002/jrs.1350</marc:subfield>
      </marc:datafield>
   </marc:record>