
   <marc:record>
      <marc:leader>     nam  22     uu 4500</marc:leader>
      <marc:controlfield tag="008">      |           ||||||||||||||||||||||</marc:controlfield>
      <marc:datafield tag="245" ind1="1" ind2="0">
         <marc:subfield code="a">Self-Assembled Nanoparticle Probes for Recognition and Detection of Biomolecules</marc:subfield>
      </marc:datafield>
      <marc:datafield tag="700" ind1="1" ind2=" ">
         <marc:subfield code="a">Dustin J. Maxwell</marc:subfield>
         <marc:subfield code="e">author</marc:subfield>
      </marc:datafield>
      <marc:datafield tag="700" ind1="1" ind2=" ">
         <marc:subfield code="a">Jason R. Taylor</marc:subfield>
         <marc:subfield code="e">author</marc:subfield>
      </marc:datafield>
      <marc:datafield tag="700" ind1="1" ind2=" ">
         <marc:subfield code="a">Shuming Nie</marc:subfield>
         <marc:subfield code="e">author</marc:subfield>
      </marc:datafield>
      
      <marc:datafield tag="655" ind1=" " ind2="7">
         <marc:subfield code="a">journal article</marc:subfield>
      </marc:datafield>
      <marc:datafield tag="655" ind1=" " ind2="7">
         <marc:subfield code="a">article</marc:subfield>
         <marc:subfield code="2">bibtex</marc:subfield>
      </marc:datafield>
      <marc:datafield tag="260" ind1=" " ind2=" "/>
      <marc:datafield tag="520" ind1=" " ind2=" ">
         <marc:subfield code="a">Colloidal gold nanocrystals have been used to develop a new class of nanobiosensors that is able to recognize and detect specific DNA sequences and single-base mutations in a homogeneous format. At the core of this biosensor is a 2.5-nm gold nanoparticle that functions as both a nano-scaffold and a nano-quencher (efficient energy acceptor). Attached to this core are oligonucleotide molecules labeled with a thiol group at one end and a fluorophore at the other. This hybrid bio/inorganic construct is found to spontaneously assemble into a constrained arch-like conformation on the particle surface. Binding of target molecules results in a conformational change, which restores the fluorescence of the quenched fluorophore. Unlike conventional molecular beacons with a stem-and-loop structure, the nanoparticle probes do not require a stem, and their background fluorescence increases little with temperature. In comparison with the organic quencher Dabcyl (4,4'-dimethylaminophenyl azo benzoic acid), metal nanoparticles have unique structural and optical properties for new applications in biosensing and molecular engineering.</marc:subfield>
      </marc:datafield>
      <marc:datafield tag="773" ind1="0" ind2=" ">
         <marc:subfield code="q">124:32&lt;9606</marc:subfield>
         <marc:subfield code="t">J. Am. Chem. Soc.</marc:subfield>
      </marc:datafield>
      
      <marc:datafield tag="856" ind1=" " ind2=" ">
         <marc:subfield code="u">10.1021/ja025814p</marc:subfield>
      </marc:datafield>
      <marc:datafield tag="856" ind1=" " ind2=" ">
         <marc:subfield code="u">http://dx.doi.org/10.1021/ja025814p</marc:subfield>
      </marc:datafield>
   </marc:record>