
   <marc:record>
      <marc:leader>     nam  22     uu 4500</marc:leader>
      <marc:controlfield tag="008">      |           ||||||||||||||||||||||</marc:controlfield>
      <marc:datafield tag="245" ind1="1" ind2="0">
         <marc:subfield code="a">SP1 Protein-Based Nanostructures and Arrays</marc:subfield>
      </marc:datafield>
      <marc:datafield tag="700" ind1="1" ind2=" ">
         <marc:subfield code="a">I. Medalsy</marc:subfield>
         <marc:subfield code="e">author</marc:subfield>
         <marc:subfield code="u">Physical Chemistry Department and Center for Nanoscience and Nanotechnology, The Hebrew University, Jerusalem 91904, Israel, The Robert H. Smith Institute of Plant Sciences and Genetics in Agriculture, The Faculty of Agriculture, The Hebrew University, Rehovot 76100, Israel, Materials Engineering Department, Al Quds University, East Jerusalem, Israel, Utrecht University, 3584 CH Utrecht, the Netherlands, Electron Microscopy Unit, Weizmann Institute of Science, Rehovot 76100 Israel, Fulcrum SP Ltd. P.O. Box 3206, Herzliya 46104, Israel, Department Molecular Cell Biology, Leiden University Medical Center, Leiden 2300 RC, The Netherlands, and Department of Clinical Biochemistry, Health Sciences Faculty, Ben-Gurion University, Beer-Sheva 84105, Israel</marc:subfield>
      </marc:datafield>
      <marc:datafield tag="700" ind1="1" ind2=" ">
         <marc:subfield code="a">O. Dgany</marc:subfield>
         <marc:subfield code="e">author</marc:subfield>
         <marc:subfield code="u">Physical Chemistry Department and Center for Nanoscience and Nanotechnology, The Hebrew University, Jerusalem 91904, Israel, The Robert H. Smith Institute of Plant Sciences and Genetics in Agriculture, The Faculty of Agriculture, The Hebrew University, Rehovot 76100, Israel, Materials Engineering Department, Al Quds University, East Jerusalem, Israel, Utrecht University, 3584 CH Utrecht, the Netherlands, Electron Microscopy Unit, Weizmann Institute of Science, Rehovot 76100 Israel, Fulcrum SP Ltd. P.O. Box 3206, Herzliya 46104, Israel, Department Molecular Cell Biology, Leiden University Medical Center, Leiden 2300 RC, The Netherlands, and Department of Clinical Biochemistry, Health Sciences Faculty, Ben-Gurion University, Beer-Sheva 84105, Israel</marc:subfield>
      </marc:datafield>
      <marc:datafield tag="700" ind1="1" ind2=" ">
         <marc:subfield code="a">M. Sowwan</marc:subfield>
         <marc:subfield code="e">author</marc:subfield>
         <marc:subfield code="u">Physical Chemistry Department and Center for Nanoscience and Nanotechnology, The Hebrew University, Jerusalem 91904, Israel, The Robert H. Smith Institute of Plant Sciences and Genetics in Agriculture, The Faculty of Agriculture, The Hebrew University, Rehovot 76100, Israel, Materials Engineering Department, Al Quds University, East Jerusalem, Israel, Utrecht University, 3584 CH Utrecht, the Netherlands, Electron Microscopy Unit, Weizmann Institute of Science, Rehovot 76100 Israel, Fulcrum SP Ltd. P.O. Box 3206, Herzliya 46104, Israel, Department Molecular Cell Biology, Leiden University Medical Center, Leiden 2300 RC, The Netherlands, and Department of Clinical Biochemistry, Health Sciences Faculty, Ben-Gurion University, Beer-Sheva 84105, Israel</marc:subfield>
      </marc:datafield>
      <marc:datafield tag="700" ind1="1" ind2=" ">
         <marc:subfield code="a">H. Cohen</marc:subfield>
         <marc:subfield code="e">author</marc:subfield>
         <marc:subfield code="u">Physical Chemistry Department and Center for Nanoscience and Nanotechnology, The Hebrew University, Jerusalem 91904, Israel, The Robert H. Smith Institute of Plant Sciences and Genetics in Agriculture, The Faculty of Agriculture, The Hebrew University, Rehovot 76100, Israel, Materials Engineering Department, Al Quds University, East Jerusalem, Israel, Utrecht University, 3584 CH Utrecht, the Netherlands, Electron Microscopy Unit, Weizmann Institute of Science, Rehovot 76100 Israel, Fulcrum SP Ltd. P.O. Box 3206, Herzliya 46104, Israel, Department Molecular Cell Biology, Leiden University Medical Center, Leiden 2300 RC, The Netherlands, and Department of Clinical Biochemistry, Health Sciences Faculty, Ben-Gurion University, Beer-Sheva 84105, Israel</marc:subfield>
      </marc:datafield>
      <marc:datafield tag="700" ind1="1" ind2=" ">
         <marc:subfield code="a">A. Yukashevska</marc:subfield>
         <marc:subfield code="e">author</marc:subfield>
         <marc:subfield code="u">Physical Chemistry Department and Center for Nanoscience and Nanotechnology, The Hebrew University, Jerusalem 91904, Israel, The Robert H. Smith Institute of Plant Sciences and Genetics in Agriculture, The Faculty of Agriculture, The Hebrew University, Rehovot 76100, Israel, Materials Engineering Department, Al Quds University, East Jerusalem, Israel, Utrecht University, 3584 CH Utrecht, the Netherlands, Electron Microscopy Unit, Weizmann Institute of Science, Rehovot 76100 Israel, Fulcrum SP Ltd. P.O. Box 3206, Herzliya 46104, Israel, Department Molecular Cell Biology, Leiden University Medical Center, Leiden 2300 RC, The Netherlands, and Department of Clinical Biochemistry, Health Sciences Faculty, Ben-Gurion University, Beer-Sheva 84105, Israel</marc:subfield>
      </marc:datafield>
      <marc:datafield tag="700" ind1="1" ind2=" ">
         <marc:subfield code="a">S.G. Wolf</marc:subfield>
         <marc:subfield code="e">author</marc:subfield>
         <marc:subfield code="u">Physical Chemistry Department and Center for Nanoscience and Nanotechnology, The Hebrew University, Jerusalem 91904, Israel, The Robert H. Smith Institute of Plant Sciences and Genetics in Agriculture, The Faculty of Agriculture, The Hebrew University, Rehovot 76100, Israel, Materials Engineering Department, Al Quds University, East Jerusalem, Israel, Utrecht University, 3584 CH Utrecht, the Netherlands, Electron Microscopy Unit, Weizmann Institute of Science, Rehovot 76100 Israel, Fulcrum SP Ltd. P.O. Box 3206, Herzliya 46104, Israel, Department Molecular Cell Biology, Leiden University Medical Center, Leiden 2300 RC, The Netherlands, and Department of Clinical Biochemistry, Health Sciences Faculty, Ben-Gurion University, Beer-Sheva 84105, Israel</marc:subfield>
      </marc:datafield>
      <marc:datafield tag="700" ind1="1" ind2=" ">
         <marc:subfield code="a">A. Wolf</marc:subfield>
         <marc:subfield code="e">author</marc:subfield>
         <marc:subfield code="u">Physical Chemistry Department and Center for Nanoscience and Nanotechnology, The Hebrew University, Jerusalem 91904, Israel, The Robert H. Smith Institute of Plant Sciences and Genetics in Agriculture, The Faculty of Agriculture, The Hebrew University, Rehovot 76100, Israel, Materials Engineering Department, Al Quds University, East Jerusalem, Israel, Utrecht University, 3584 CH Utrecht, the Netherlands, Electron Microscopy Unit, Weizmann Institute of Science, Rehovot 76100 Israel, Fulcrum SP Ltd. P.O. Box 3206, Herzliya 46104, Israel, Department Molecular Cell Biology, Leiden University Medical Center, Leiden 2300 RC, The Netherlands, and Department of Clinical Biochemistry, Health Sciences Faculty, Ben-Gurion University, Beer-Sheva 84105, Israel</marc:subfield>
      </marc:datafield>
      <marc:datafield tag="700" ind1="1" ind2=" ">
         <marc:subfield code="a">A. Koster</marc:subfield>
         <marc:subfield code="e">author</marc:subfield>
         <marc:subfield code="u">Physical Chemistry Department and Center for Nanoscience and Nanotechnology, The Hebrew University, Jerusalem 91904, Israel, The Robert H. Smith Institute of Plant Sciences and Genetics in Agriculture, The Faculty of Agriculture, The Hebrew University, Rehovot 76100, Israel, Materials Engineering Department, Al Quds University, East Jerusalem, Israel, Utrecht University, 3584 CH Utrecht, the Netherlands, Electron Microscopy Unit, Weizmann Institute of Science, Rehovot 76100 Israel, Fulcrum SP Ltd. P.O. Box 3206, Herzliya 46104, Israel, Department Molecular Cell Biology, Leiden University Medical Center, Leiden 2300 RC, The Netherlands, and Department of Clinical Biochemistry, Health Sciences Faculty, Ben-Gurion University, Beer-Sheva 84105, Israel</marc:subfield>
      </marc:datafield>
      <marc:datafield tag="700" ind1="1" ind2=" ">
         <marc:subfield code="a">O. Almog</marc:subfield>
         <marc:subfield code="e">author</marc:subfield>
         <marc:subfield code="u">Physical Chemistry Department and Center for Nanoscience and Nanotechnology, The Hebrew University, Jerusalem 91904, Israel, The Robert H. Smith Institute of Plant Sciences and Genetics in Agriculture, The Faculty of Agriculture, The Hebrew University, Rehovot 76100, Israel, Materials Engineering Department, Al Quds University, East Jerusalem, Israel, Utrecht University, 3584 CH Utrecht, the Netherlands, Electron Microscopy Unit, Weizmann Institute of Science, Rehovot 76100 Israel, Fulcrum SP Ltd. P.O. Box 3206, Herzliya 46104, Israel, Department Molecular Cell Biology, Leiden University Medical Center, Leiden 2300 RC, The Netherlands, and Department of Clinical Biochemistry, Health Sciences Faculty, Ben-Gurion University, Beer-Sheva 84105, Israel</marc:subfield>
      </marc:datafield>
      <marc:datafield tag="700" ind1="1" ind2=" ">
         <marc:subfield code="a">I. Marton</marc:subfield>
         <marc:subfield code="e">author</marc:subfield>
         <marc:subfield code="u">Physical Chemistry Department and Center for Nanoscience and Nanotechnology, The Hebrew University, Jerusalem 91904, Israel, The Robert H. Smith Institute of Plant Sciences and Genetics in Agriculture, The Faculty of Agriculture, The Hebrew University, Rehovot 76100, Israel, Materials Engineering Department, Al Quds University, East Jerusalem, Israel, Utrecht University, 3584 CH Utrecht, the Netherlands, Electron Microscopy Unit, Weizmann Institute of Science, Rehovot 76100 Israel, Fulcrum SP Ltd. P.O. Box 3206, Herzliya 46104, Israel, Department Molecular Cell Biology, Leiden University Medical Center, Leiden 2300 RC, The Netherlands, and Department of Clinical Biochemistry, Health Sciences Faculty, Ben-Gurion University, Beer-Sheva 84105, Israel</marc:subfield>
      </marc:datafield>
      <marc:datafield tag="700" ind1="1" ind2=" ">
         <marc:subfield code="a">Y. Pouny</marc:subfield>
         <marc:subfield code="e">author</marc:subfield>
         <marc:subfield code="u">Physical Chemistry Department and Center for Nanoscience and Nanotechnology, The Hebrew University, Jerusalem 91904, Israel, The Robert H. Smith Institute of Plant Sciences and Genetics in Agriculture, The Faculty of Agriculture, The Hebrew University, Rehovot 76100, Israel, Materials Engineering Department, Al Quds University, East Jerusalem, Israel, Utrecht University, 3584 CH Utrecht, the Netherlands, Electron Microscopy Unit, Weizmann Institute of Science, Rehovot 76100 Israel, Fulcrum SP Ltd. P.O. Box 3206, Herzliya 46104, Israel, Department Molecular Cell Biology, Leiden University Medical Center, Leiden 2300 RC, The Netherlands, and Department of Clinical Biochemistry, Health Sciences Faculty, Ben-Gurion University, Beer-Sheva 84105, Israel</marc:subfield>
      </marc:datafield>
      <marc:datafield tag="700" ind1="1" ind2=" ">
         <marc:subfield code="a">A. Altman</marc:subfield>
         <marc:subfield code="e">author</marc:subfield>
         <marc:subfield code="u">Physical Chemistry Department and Center for Nanoscience and Nanotechnology, The Hebrew University, Jerusalem 91904, Israel, The Robert H. Smith Institute of Plant Sciences and Genetics in Agriculture, The Faculty of Agriculture, The Hebrew University, Rehovot 76100, Israel, Materials Engineering Department, Al Quds University, East Jerusalem, Israel, Utrecht University, 3584 CH Utrecht, the Netherlands, Electron Microscopy Unit, Weizmann Institute of Science, Rehovot 76100 Israel, Fulcrum SP Ltd. P.O. Box 3206, Herzliya 46104, Israel, Department Molecular Cell Biology, Leiden University Medical Center, Leiden 2300 RC, The Netherlands, and Department of Clinical Biochemistry, Health Sciences Faculty, Ben-Gurion University, Beer-Sheva 84105, Israel</marc:subfield>
      </marc:datafield>
      <marc:datafield tag="700" ind1="1" ind2=" ">
         <marc:subfield code="a">O. Shoseyov</marc:subfield>
         <marc:subfield code="e">author</marc:subfield>
         <marc:subfield code="u">Physical Chemistry Department and Center for Nanoscience and Nanotechnology, The Hebrew University, Jerusalem 91904, Israel, The Robert H. Smith Institute of Plant Sciences and Genetics in Agriculture, The Faculty of Agriculture, The Hebrew University, Rehovot 76100, Israel, Materials Engineering Department, Al Quds University, East Jerusalem, Israel, Utrecht University, 3584 CH Utrecht, the Netherlands, Electron Microscopy Unit, Weizmann Institute of Science, Rehovot 76100 Israel, Fulcrum SP Ltd. P.O. Box 3206, Herzliya 46104, Israel, Department Molecular Cell Biology, Leiden University Medical Center, Leiden 2300 RC, The Netherlands, and Department of Clinical Biochemistry, Health Sciences Faculty, Ben-Gurion University, Beer-Sheva 84105, Israel</marc:subfield>
      </marc:datafield>
      <marc:datafield tag="700" ind1="1" ind2=" ">
         <marc:subfield code="a">D. Porath</marc:subfield>
         <marc:subfield code="e">author</marc:subfield>
         <marc:subfield code="u">Physical Chemistry Department and Center for Nanoscience and Nanotechnology, The Hebrew University, Jerusalem 91904, Israel, The Robert H. Smith Institute of Plant Sciences and Genetics in Agriculture, The Faculty of Agriculture, The Hebrew University, Rehovot 76100, Israel, Materials Engineering Department, Al Quds University, East Jerusalem, Israel, Utrecht University, 3584 CH Utrecht, the Netherlands, Electron Microscopy Unit, Weizmann Institute of Science, Rehovot 76100 Israel, Fulcrum SP Ltd. P.O. Box 3206, Herzliya 46104, Israel, Department Molecular Cell Biology, Leiden University Medical Center, Leiden 2300 RC, The Netherlands, and Department of Clinical Biochemistry, Health Sciences Faculty, Ben-Gurion University, Beer-Sheva 84105, Israel</marc:subfield>
      </marc:datafield>
      
      <marc:datafield tag="655" ind1=" " ind2="7">
         <marc:subfield code="a">journal article</marc:subfield>
      </marc:datafield>
      <marc:datafield tag="655" ind1=" " ind2="7">
         <marc:subfield code="a">article</marc:subfield>
         <marc:subfield code="2">bibtex</marc:subfield>
      </marc:datafield>
      <marc:datafield tag="260" ind1=" " ind2=" "/>
      <marc:datafield tag="520" ind1=" " ind2=" ">
         <marc:subfield code="a">Controlled formation of complex nanostructures is one of the main goals of nanoscience and nanotechnology. Stable Protein 1 (SP1) is a boiling-stable ring protein complex, 11 nm in diameter, which self-assembles from 12 identical monomers. SP1 can be utilized to form large ordered arrays; it can be easily modified by genetic engineering to produce various mutants; it is also capable of binding gold nanoparticles (GNPs) and thus forming protein-GNP chains made of alternating SP1s and GNPs. We report the formation and the protocols leading to the formation of those nanostructures and their characterization by transmission electron microscopy, atomic force microscopy, and electrostatic force microscopy. Further control over the GNP interdistances within the protein-GNP chains may lead to the formation of nanowires and structures that may be useful for nanoelectronics.</marc:subfield>
      </marc:datafield>
      <marc:datafield tag="773" ind1="0" ind2=" ">
         <marc:subfield code="q">8:2&lt;473</marc:subfield>
         <marc:subfield code="t">Nano Lett.</marc:subfield>
         <marc:subfield code="x">1530-6984</marc:subfield>
      </marc:datafield>
      
      <marc:datafield tag="856" ind1=" " ind2=" ">
         <marc:subfield code="u">10.1021/nl072455t</marc:subfield>
      </marc:datafield>
      <marc:datafield tag="856" ind1=" " ind2=" ">
         <marc:subfield code="u">http://dx.doi.org/10.1021/nl072455t</marc:subfield>
      </marc:datafield>
   </marc:record>