
   <marc:record>
      <marc:leader>     nam  22     uu 4500</marc:leader>
      <marc:controlfield tag="008">      |           ||||||||||||||||||||||</marc:controlfield>
      <marc:datafield tag="245" ind1="1" ind2="0">
         <marc:subfield code="a">Plasmon-enhanced luminescence near noble-metal nanospheres: Comparison of exact theory and an improved Gersten and Nitzan model</marc:subfield>
      </marc:datafield>
      <marc:datafield tag="700" ind1="1" ind2=" ">
         <marc:subfield code="a">H. Mertens</marc:subfield>
         <marc:subfield code="e">author</marc:subfield>
      </marc:datafield>
      <marc:datafield tag="700" ind1="1" ind2=" ">
         <marc:subfield code="a">A. F. Koenderink</marc:subfield>
         <marc:subfield code="e">author</marc:subfield>
      </marc:datafield>
      <marc:datafield tag="700" ind1="1" ind2=" ">
         <marc:subfield code="a">A. Polman</marc:subfield>
         <marc:subfield code="e">author</marc:subfield>
      </marc:datafield>
      
      <marc:datafield tag="655" ind1=" " ind2="7">
         <marc:subfield code="a">journal article</marc:subfield>
      </marc:datafield>
      <marc:datafield tag="655" ind1=" " ind2="7">
         <marc:subfield code="a">article</marc:subfield>
         <marc:subfield code="2">bibtex</marc:subfield>
      </marc:datafield>
      <marc:datafield tag="260" ind1=" " ind2=" "/>
      <marc:datafield tag="520" ind1=" " ind2=" ">
         <marc:subfield code="a">We present a theoretical study of the modifications of the radiative and nonradiative decay rates of an optical emitter in close proximity to a noble-metal nanosphere, based on exact electrodynamical theory. We show that the optimal nanosphere diameter for luminescence quantum efficiency enhancement associated with resonant coupling to plasmon modes is in the range of 30-110 nm, depending on the material properties. The optimal diameter is found to be a trade-off between (1) emitter-plasmon coupling, which is most effective for small spheres, and (2) the outcoupling of plasmons into radiation, which is most efficient for large spheres. In addition, we show that the well-known Gersten and Nitzan model does not describe the existence of a finite optimal diameter unless the model is extended with the correction factor for radiation damping. With this correction and a correction for dynamic depolarization, the mathematically simpler Gersten and Nitzan model provides a reasonably accurate approximation of the decay rate modifications associated with coupling to the dipole plasmon mode. We anticipate that the Gersten and Nitzan model in the form that we validate in this paper for spheres will allow the analytical investigation of the influence of shape anisotropy on plasmon-enhanced luminescence.</marc:subfield>
      </marc:datafield>
      <marc:datafield tag="650" ind1="1" ind2=" ">
         <marc:subfield code="a">plasmons</marc:subfield>
         <marc:subfield code="x">nanostructured materials</marc:subfield>
         <marc:subfield code="x">luminescence</marc:subfield>
      </marc:datafield>
      <marc:datafield tag="773" ind1="0" ind2=" ">
         <marc:subfield code="q">76:11&lt;115123</marc:subfield>
         <marc:subfield code="t">Physical Review B (Condensed Matter and Materials Physics)</marc:subfield>
      </marc:datafield>
      
      <marc:datafield tag="856" ind1=" " ind2=" ">
         <marc:subfield code="u">10.1103/PhysRevB.76.115123</marc:subfield>
      </marc:datafield>
      <marc:datafield tag="856" ind1=" " ind2=" ">
         <marc:subfield code="u">http://link.aps.org/abstract/PRB/v76/e115123</marc:subfield>
      </marc:datafield>
      <marc:datafield tag="856" ind1=" " ind2=" ">
         <marc:subfield code="u">http://dx.doi.org/10.1103/PhysRevB.76.115123</marc:subfield>
      </marc:datafield>
   </marc:record>