
   <marc:record>
      <marc:leader>     nam  22     uu 4500</marc:leader>
      <marc:controlfield tag="008">      |           ||||||||||||||||||||||</marc:controlfield>
      <marc:datafield tag="245" ind1="1" ind2="0">
         <marc:subfield code="a">Ultrahigh-Resolution Colocalization of Spectrally Separable Point-like Fluorescent Probes</marc:subfield>
      </marc:datafield>
      <marc:datafield tag="700" ind1="1" ind2=" ">
         <marc:subfield code="a">Xavier Michalet</marc:subfield>
         <marc:subfield code="e">author</marc:subfield>
      </marc:datafield>
      <marc:datafield tag="700" ind1="1" ind2=" ">
         <marc:subfield code="a">Thilo D. Lacoste</marc:subfield>
         <marc:subfield code="e">author</marc:subfield>
      </marc:datafield>
      <marc:datafield tag="700" ind1="1" ind2=" ">
         <marc:subfield code="a">Shimon Weiss</marc:subfield>
         <marc:subfield code="e">author</marc:subfield>
      </marc:datafield>
      
      <marc:datafield tag="655" ind1=" " ind2="7">
         <marc:subfield code="a">journal article</marc:subfield>
      </marc:datafield>
      <marc:datafield tag="655" ind1=" " ind2="7">
         <marc:subfield code="a">article</marc:subfield>
         <marc:subfield code="2">bibtex</marc:subfield>
      </marc:datafield>
      <marc:datafield tag="260" ind1=" " ind2=" "/>
      <marc:datafield tag="520" ind1=" " ind2=" ">
         <marc:subfield code="a">An ultrahigh-resolution colocalization method based on the simultaneous acquisition and analysis of spectrally separated images of the excitation point-spread function of point-like fluorescent probes is reviewed. It is shown that molecular distances can be measured with accuracy better than 10 nm using conventional far-field optics. A detailed account of the methodology, theoretical considerations, signal processing, and data fitting algorithms is given.</marc:subfield>
      </marc:datafield>
      <marc:datafield tag="650" ind1="1" ind2=" ">
         <marc:subfield code="a">superresolution</marc:subfield>
         <marc:subfield code="x">diffraction limit</marc:subfield>
         <marc:subfield code="x">fluorescence</marc:subfield>
         <marc:subfield code="x">microscopy</marc:subfield>
         <marc:subfield code="x">confocal</marc:subfield>
         <marc:subfield code="x">two-photon</marc:subfield>
         <marc:subfield code="x">single molecule</marc:subfield>
         <marc:subfield code="x">TransFluoSphere</marc:subfield>
         <marc:subfield code="x">semiconductor nanocrystal</marc:subfield>
         <marc:subfield code="x">quantum dot</marc:subfield>
      </marc:datafield>
      <marc:datafield tag="773" ind1="0" ind2=" ">
         <marc:subfield code="q">25:1&lt;87</marc:subfield>
         <marc:subfield code="t">Methods</marc:subfield>
      </marc:datafield>
      
      <marc:datafield tag="856" ind1=" " ind2=" ">
         <marc:subfield code="u">10.1006/meth.2001.1218</marc:subfield>
      </marc:datafield>
      <marc:datafield tag="856" ind1=" " ind2=" ">
         <marc:subfield code="u">http://www.sciencedirect.com/science/article/B6WN5-456JRGD-N/2/5bc1413b3684c47b781d039394e34b34</marc:subfield>
      </marc:datafield>
      <marc:datafield tag="856" ind1=" " ind2=" ">
         <marc:subfield code="u">http://dx.doi.org/10.1006/meth.2001.1218</marc:subfield>
      </marc:datafield>
   </marc:record>