
   <marc:record>
      <marc:leader>     nam  22     uu 4500</marc:leader>
      <marc:controlfield tag="008">      |           ||||||||||||||||||||||</marc:controlfield>
      <marc:datafield tag="245" ind1="1" ind2="0">
         <marc:subfield code="a">The determination of very small electrophoretic mobilities in polar and nonpolar colloidal dispersions using phase analysis light scattering</marc:subfield>
      </marc:datafield>
      <marc:datafield tag="700" ind1="1" ind2=" ">
         <marc:subfield code="a">John F. Miller</marc:subfield>
         <marc:subfield code="e">author</marc:subfield>
      </marc:datafield>
      <marc:datafield tag="700" ind1="1" ind2=" ">
         <marc:subfield code="a">Klaus Schatzel</marc:subfield>
         <marc:subfield code="e">author</marc:subfield>
      </marc:datafield>
      <marc:datafield tag="700" ind1="1" ind2=" ">
         <marc:subfield code="a">Brian Vincent</marc:subfield>
         <marc:subfield code="e">author</marc:subfield>
      </marc:datafield>
      
      <marc:datafield tag="655" ind1=" " ind2="7">
         <marc:subfield code="a">journal article</marc:subfield>
      </marc:datafield>
      <marc:datafield tag="655" ind1=" " ind2="7">
         <marc:subfield code="a">article</marc:subfield>
         <marc:subfield code="2">bibtex</marc:subfield>
      </marc:datafield>
      <marc:datafield tag="260" ind1=" " ind2=" "/>
      <marc:datafield tag="520" ind1=" " ind2=" ">
         <marc:subfield code="a">An apparatus is described that can determine electrophoretic mobilities of polar and nonpolar colloidal dispersions down to 1 x 10-12 m2 s-1 V-1, with typical resolutions of 0.5 to 5%, depending on the nature of the dispersion being studied. The diffusion coefficient and settling/convection velocity of the sample may be determined simultaneously with the electrophoretic mobility in real time. The technique, phase analysis light scattering (PALS), is based upon classical laser-Doppler electrophoresis, but employs signal processing of the time domain phase information within the scattered light signal, rather than analysis of its frequency spectrum. This allows much smaller electric field strengths to be employed, thereby alleviating the usual heating problems associated with electrophoretic studies of nonpolar dispersions. PALS measurements of typical aqueous latex dispersions with large mobilities and some nonpolar dispersions with very small mobilities are presented to illustrate the versatility of this technique.</marc:subfield>
      </marc:datafield>
      <marc:datafield tag="773" ind1="0" ind2=" ">
         <marc:subfield code="q">143:2&lt;532</marc:subfield>
         <marc:subfield code="t">J. Colloid Interface Sci.</marc:subfield>
      </marc:datafield>
      
      <marc:datafield tag="856" ind1=" " ind2=" ">
         <marc:subfield code="u">10.1016/0021-9797(91)90286-H</marc:subfield>
      </marc:datafield>
      <marc:datafield tag="856" ind1=" " ind2=" ">
         <marc:subfield code="u">http://www.sciencedirect.com/science/article/B6WHR-4CXCGPM-3B/2/aa024c19b3c16bea7526ed7c73909d76</marc:subfield>
      </marc:datafield>
      <marc:datafield tag="856" ind1=" " ind2=" ">
         <marc:subfield code="u">http://dx.doi.org/10.1016/0021-9797(91)90286-H</marc:subfield>
      </marc:datafield>
   </marc:record>