
   <marc:record>
      <marc:leader>     nam  22     uu 4500</marc:leader>
      <marc:controlfield tag="008">      |           ||||||||||||||||||||||</marc:controlfield>
      <marc:datafield tag="245" ind1="1" ind2="0">
         <marc:subfield code="a">Shape effects in plasmon resonance of individual colloidal silver nanoparticles</marc:subfield>
      </marc:datafield>
      <marc:datafield tag="700" ind1="1" ind2=" ">
         <marc:subfield code="a">J. J. Mock</marc:subfield>
         <marc:subfield code="e">author</marc:subfield>
      </marc:datafield>
      <marc:datafield tag="700" ind1="1" ind2=" ">
         <marc:subfield code="a">M. Barbic</marc:subfield>
         <marc:subfield code="e">author</marc:subfield>
      </marc:datafield>
      <marc:datafield tag="700" ind1="1" ind2=" ">
         <marc:subfield code="a">D. R. Smith</marc:subfield>
         <marc:subfield code="e">author</marc:subfield>
      </marc:datafield>
      <marc:datafield tag="700" ind1="1" ind2=" ">
         <marc:subfield code="a">D. A. Schultz</marc:subfield>
         <marc:subfield code="e">author</marc:subfield>
      </marc:datafield>
      <marc:datafield tag="700" ind1="1" ind2=" ">
         <marc:subfield code="a">S. Schultz</marc:subfield>
         <marc:subfield code="e">author</marc:subfield>
      </marc:datafield>
      
      <marc:datafield tag="655" ind1=" " ind2="7">
         <marc:subfield code="a">journal article</marc:subfield>
      </marc:datafield>
      <marc:datafield tag="655" ind1=" " ind2="7">
         <marc:subfield code="a">article</marc:subfield>
         <marc:subfield code="2">bibtex</marc:subfield>
      </marc:datafield>
      <marc:datafield tag="260" ind1=" " ind2=" "/>
      <marc:datafield tag="520" ind1=" " ind2=" ">
         <marc:subfield code="a">We present a systematic study of the effect of size and shape on the spectral response of individual silver nanoparticles. An experimental method has been developed that begins with the detection and characterization of isolated nanoparticles in the optical far field. The plasmon resonance optical spectrum of many individual nanoparticles are then correlated to their size and shape using high-resolution transmission electron microscopy. We find that specific geometrical shapes give distinct spectral responses. In addition, inducing subtle changes in the particles' morphology by heating causes a shift in the individual particle spectrum and provides a simple means of tuning the spectral response to a desired optical wavelength. Improved colloidal preparation methods could potentially lead to homogeneous populations of identical particle shapes and colors. These multicolor colloids could be used as biological labels, surface enhanced Raman scattering substrates, or near field optical microscopy sources covering the full range of wavelengths in the visible spectrum.</marc:subfield>
      </marc:datafield>
      <marc:datafield tag="650" ind1="1" ind2=" ">
         <marc:subfield code="a">silver</marc:subfield>
         <marc:subfield code="x">nanostructured materials</marc:subfield>
         <marc:subfield code="x">particle size</marc:subfield>
         <marc:subfield code="x">transmission electron microscopy</marc:subfield>
         <marc:subfield code="x">plasmons</marc:subfield>
         <marc:subfield code="x">visible spectra</marc:subfield>
      </marc:datafield>
      <marc:datafield tag="773" ind1="0" ind2=" ">
         <marc:subfield code="q">116:15&lt;6755</marc:subfield>
         <marc:subfield code="t">J. Chem. Phys.</marc:subfield>
      </marc:datafield>
      
      <marc:datafield tag="856" ind1=" " ind2=" ">
         <marc:subfield code="u">10.1063/1.1462610</marc:subfield>
      </marc:datafield>
      <marc:datafield tag="856" ind1=" " ind2=" ">
         <marc:subfield code="u">http://link.aip.org/link/?JCP/116/6755/1</marc:subfield>
      </marc:datafield>
      <marc:datafield tag="856" ind1=" " ind2=" ">
         <marc:subfield code="u">http://dx.doi.org/10.1063/1.1462610</marc:subfield>
      </marc:datafield>
   </marc:record>