
   <marc:record>
      <marc:leader>     nam  22     uu 4500</marc:leader>
      <marc:controlfield tag="008">      |           ||||||||||||||||||||||</marc:controlfield>
      <marc:datafield tag="245" ind1="1" ind2="0">
         <marc:subfield code="a">{R}eview of electronic and optical properties of semiconducting ?-conjugated polymers: applications in optoelectronics</marc:subfield>
      </marc:datafield>
      <marc:datafield tag="700" ind1="1" ind2=" ">
         <marc:subfield code="a">André Moliton</marc:subfield>
         <marc:subfield code="e">author</marc:subfield>
      </marc:datafield>
      <marc:datafield tag="700" ind1="1" ind2=" ">
         <marc:subfield code="a">Roger C Hiorns</marc:subfield>
         <marc:subfield code="e">author</marc:subfield>
      </marc:datafield>
      
      <marc:datafield tag="655" ind1=" " ind2="7">
         <marc:subfield code="a">journal article</marc:subfield>
      </marc:datafield>
      <marc:datafield tag="655" ind1=" " ind2="7">
         <marc:subfield code="a">article</marc:subfield>
         <marc:subfield code="2">bibtex</marc:subfield>
      </marc:datafield>
      <marc:datafield tag="260" ind1=" " ind2=" "/>
      <marc:datafield tag="520" ind1=" " ind2=" ">
         <marc:subfield code="a">A general overview of the optoelectronic properties of pi-conjugated polymers is presented. Two types of polymer are discerned: interchangeable structures of the same energy (degenerate), such as polyacetylene; and non-degenerate polymers, such as poly(para-phenylene). The band structures of degenerate and non-degenerate polymers are related to their conductivities in doped and non-doped states. In both cases, disorder and impurities play an important role in conductivity. Polarons, bipolarons and excitons are detailed with respect to doping and charge transfers. Given the fibrillic nature of these materials, the variable range hopping (VRH) law for semiconducting polymers is modified to account for metallic behaviours. Optoelectronic properties - electroluminescence and photovoltaic activity - are explained in terms of HOMO and LUMO bands, polaron-exciton and charge movement over one or more molecules. The properties of H- or J-type aggregates and their effects on transitions are related to target applications. Device structures of polymer light-emitting diodes are explicitly linked to optimising polaron recombinations and overall quantum efficiencies. The particularly promising use of ?-conjugated polymers in photovoltaic devices is discussed.</marc:subfield>
      </marc:datafield>
      <marc:datafield tag="773" ind1="0" ind2=" ">
         <marc:subfield code="q">53:10&lt;1397</marc:subfield>
         <marc:subfield code="t">Polymer International</marc:subfield>
      </marc:datafield>
      
      <marc:datafield tag="856" ind1=" " ind2=" ">
         <marc:subfield code="u">10.1002/pi.1587</marc:subfield>
      </marc:datafield>
      <marc:datafield tag="856" ind1=" " ind2=" ">
         <marc:subfield code="u">http://dx.doi.org/10.1002/pi.1587</marc:subfield>
      </marc:datafield>
   </marc:record>