
   <marc:record>
      <marc:leader>     nam  22     uu 4500</marc:leader>
      <marc:controlfield tag="008">      |           ||||||||||||||||||||||</marc:controlfield>
      <marc:datafield tag="245" ind1="1" ind2="0">
         <marc:subfield code="a">Multiple multipole method with automatic multipole setting applied to the simulation of surface plasmons in metallic nanostructures</marc:subfield>
      </marc:datafield>
      <marc:datafield tag="700" ind1="1" ind2=" ">
         <marc:subfield code="a">Esteban Moreno</marc:subfield>
         <marc:subfield code="e">author</marc:subfield>
      </marc:datafield>
      <marc:datafield tag="700" ind1="1" ind2=" ">
         <marc:subfield code="a">Daniel Erni</marc:subfield>
         <marc:subfield code="e">author</marc:subfield>
      </marc:datafield>
      <marc:datafield tag="700" ind1="1" ind2=" ">
         <marc:subfield code="a">Christian Hafner</marc:subfield>
         <marc:subfield code="e">author</marc:subfield>
      </marc:datafield>
      <marc:datafield tag="700" ind1="1" ind2=" ">
         <marc:subfield code="a">Rüdiger Vahldieck</marc:subfield>
         <marc:subfield code="e">author</marc:subfield>
      </marc:datafield>
      
      <marc:datafield tag="655" ind1=" " ind2="7">
         <marc:subfield code="a">journal article</marc:subfield>
      </marc:datafield>
      <marc:datafield tag="655" ind1=" " ind2="7">
         <marc:subfield code="a">article</marc:subfield>
         <marc:subfield code="2">bibtex</marc:subfield>
      </marc:datafield>
      <marc:datafield tag="260" ind1=" " ind2=" "/>
      <marc:datafield tag="520" ind1=" " ind2=" ">
         <marc:subfield code="a">Highly accurate computations of surface plasmons in metallic nanostructures with various geometries are presented. Calculations for cylinders with irregular cross section, coupled structures, and periodic gratings are shown. These systems exhibit a resonant behavior with complex field distribution and strong field enhancement, and therefore their computation requires a very accurate numerical method. It is shown that the multiple multipole (MMP) method, together with an automatic multipole setting (AMS) procedure, is well suited for these computations. An AMS technique for the two-dimensional MMP method is presented. It relies on the global topology of each domain boundary to generate a distribution of numerically independent multipole expansions. This technique greatly facilitates the MMP modeling.</marc:subfield>
      </marc:datafield>
      <marc:datafield tag="650" ind1="1" ind2=" ">
         <marc:subfield code="a">Numerical approximation and analysis</marc:subfield>
         <marc:subfield code="x">Diffraction gratings</marc:subfield>
         <marc:subfield code="x">Thin films</marc:subfield>
         <marc:subfield code="x">Surface plasmons</marc:subfield>
         <marc:subfield code="x">Metal optics</marc:subfield>
         <marc:subfield code="x">Mie theory</marc:subfield>
         <marc:subfield code="x">Multiple scattering</marc:subfield>
         <marc:subfield code="x">Scattering</marc:subfield>
         <marc:subfield code="x">particles</marc:subfield>
         <marc:subfield code="x">Micro-optics</marc:subfield>
      </marc:datafield>
      <marc:datafield tag="773" ind1="0" ind2=" ">
         <marc:subfield code="q">19:1&lt;101</marc:subfield>
         <marc:subfield code="t">J. Opt. Soc. Am. A</marc:subfield>
      </marc:datafield>
      
      <marc:datafield tag="856" ind1=" " ind2=" ">
         <marc:subfield code="u">http://josaa.osa.org/abstract.cfm?URI=josaa-19-1-101</marc:subfield>
      </marc:datafield>
   </marc:record>