
   <marc:record>
      <marc:leader>     nam  22     uu 4500</marc:leader>
      <marc:controlfield tag="008">      |           ||||||||||||||||||||||</marc:controlfield>
      <marc:datafield tag="245" ind1="1" ind2="0">
         <marc:subfield code="a">A recursive transfer-matrix solution for a dipole radiating inside and outside a stratified sphere</marc:subfield>
      </marc:datafield>
      <marc:datafield tag="700" ind1="1" ind2=" ">
         <marc:subfield code="a">Alexander Moroz</marc:subfield>
         <marc:subfield code="e">author</marc:subfield>
      </marc:datafield>
      
      <marc:datafield tag="655" ind1=" " ind2="7">
         <marc:subfield code="a">journal article</marc:subfield>
      </marc:datafield>
      <marc:datafield tag="655" ind1=" " ind2="7">
         <marc:subfield code="a">article</marc:subfield>
         <marc:subfield code="2">bibtex</marc:subfield>
      </marc:datafield>
      <marc:datafield tag="260" ind1=" " ind2=" "/>
      <marc:datafield tag="520" ind1=" " ind2=" ">
         <marc:subfield code="a">Fast and numerically stable transfer-matrix solution is presented for the classical electromagnetics problem of a dipole radiating inside and outside a stratified sphere consisting of concentric spherical shells. There is no limitation on the dipole position, the number of the concentric shells, the shell medium, or on the sphere radius. Electromagnetic fields are determined anywhere in the space, the time-averaged angular distribution of the radiated power, the total radiated power, Ohmic losses due to an absorbing shell, and Green?s function are calculated. An absorbing, optically active, and ultrathin (less, approximate10 nm) metallic shell (core), characterized by a nonlocal dielectric function, are all allowed. The classical results are then applied to inelastic light scattering (fluorescence and Raman), the radiative and nonradiative normalized decay rates, and frequency shift. Using correspondence principle, the radiative decay rate is calculated from the Poynting vector, whereas the nonradiative decay rate is calculated from the Ohmic losses inside a sphere absorptive shell. Numerical stability of our method and limitations of classical description of decay rates are addressed. The importance of grouping various radiative and nonradiative decay mechanisms into local and nonlocal decay rates is emphasized. Further possible extensions of the theory presented here to the case of an arbitrary multilayered (axially symmetric) particle and to the classical problem of a radiating quadrupole in the presence of a multilayered particle are briefly outlined. Various applications for chemical speciation, LIDAR, fluorescent microscopy, engineering of decay rates, identification of biological particles, and monitoring specific cell functions are envisaged. Computer program is freely available at http://www.wave-scattering.com.</marc:subfield>
      </marc:datafield>
      <marc:datafield tag="650" ind1="1" ind2=" ">
         <marc:subfield code="a">Radiative decay rate</marc:subfield>
         <marc:subfield code="x">nonradiative decay rate</marc:subfield>
         <marc:subfield code="x">multilayered sphere</marc:subfield>
         <marc:subfield code="x">engineering of decay rates</marc:subfield>
         <marc:subfield code="x">optical properties of nanoparticles</marc:subfield>
         <marc:subfield code="x">inelastic scattering</marc:subfield>
         <marc:subfield code="x">Raman scattering</marc:subfield>
         <marc:subfield code="x">chiral spheres</marc:subfield>
         <marc:subfield code="x">ultrathin layers with a nonlocal dielectric function</marc:subfield>
         <marc:subfield code="x">LIDAR</marc:subfield>
         <marc:subfield code="x">fluorescent microscopy</marc:subfield>
         <marc:subfield code="x">spectroscopy</marc:subfield>
         <marc:subfield code="x">optical probes</marc:subfield>
         <marc:subfield code="x">near-field optical</marc:subfield>
      </marc:datafield>
      <marc:datafield tag="773" ind1="0" ind2=" ">
         <marc:subfield code="q">315:2&lt;352</marc:subfield>
         <marc:subfield code="t">Annals of Physics</marc:subfield>
      </marc:datafield>
      
      <marc:datafield tag="856" ind1=" " ind2=" ">
         <marc:subfield code="u">10.1016/j.aop.2004.07.002</marc:subfield>
      </marc:datafield>
      <marc:datafield tag="856" ind1=" " ind2=" ">
         <marc:subfield code="u">http://www.sciencedirect.com/science/article/B6WB1-4DGW3G6-2/2/074a2b1f7b3294ff97a0cfbbfce68c1f</marc:subfield>
      </marc:datafield>
      <marc:datafield tag="856" ind1=" " ind2=" ">
         <marc:subfield code="u">http://dx.doi.org/10.1016/j.aop.2004.07.002</marc:subfield>
      </marc:datafield>
   </marc:record>