
   <marc:record>
      <marc:leader>     nam  22     uu 4500</marc:leader>
      <marc:controlfield tag="008">      |           ||||||||||||||||||||||</marc:controlfield>
      <marc:datafield tag="245" ind1="1" ind2="0">
         <marc:subfield code="a">Surface-enhanced Raman spectroscopy: a brief retrospective</marc:subfield>
      </marc:datafield>
      <marc:datafield tag="700" ind1="1" ind2=" ">
         <marc:subfield code="a">Martin Moskovits</marc:subfield>
         <marc:subfield code="e">author</marc:subfield>
      </marc:datafield>
      
      <marc:datafield tag="655" ind1=" " ind2="7">
         <marc:subfield code="a">journal article</marc:subfield>
      </marc:datafield>
      <marc:datafield tag="655" ind1=" " ind2="7">
         <marc:subfield code="a">article</marc:subfield>
         <marc:subfield code="2">bibtex</marc:subfield>
      </marc:datafield>
      <marc:datafield tag="260" ind1=" " ind2=" "/>
      <marc:datafield tag="520" ind1=" " ind2=" ">
         <marc:subfield code="a">The electromagnetic theory of surface-enhanced Raman spectroscopy (SERS), despite its simplicity, can account for all major SERS observations, including: the need for a nanostructured material as the SERS-active system; the observation that some metals form good SERS-active systems while others do not; the observation that strongly interacting metal nanoparticles result in very much more effective SERS-active systems; the observed polarization sensitivity shown by nanoparticle aggregates; and the optical behavior of nanostructured metals in the absence of a molecular adsorbate. By extending the ideas inherent in the electromagnetic model one can also understand the seminal features reported for single-molecule SERS, including the puzzling observation that only a few silver particles in an ensemble are hot (they are appropriately structured nanoparticle clusters) and that for a hot particle, once one is able to observe SERS, adding more adsorbate does not significantly alter the intensity (once the electromagnetic hot spot is occupied, adding adsorbate to other sites on the nanoparticle cluster will not add greatly to the observed intensity). However, the electromagnetic model does not account for all that is learned through SERS. Molecular resonances, charge-transfer transitions and other processes such as ballistic electrons transiently probing the region where the molecule resides and then modulating electronic processes of the metal as a result certainly contribute to the rich information SERS reports; and by virtue of the fact that these contributions will vary from molecule to molecule, they will constitute the most interesting aspects reported by SERS. But, the overall reason why SERS produces such inordinate enhancements is largely an electromagnetic property of nanostructures.</marc:subfield>
      </marc:datafield>
      <marc:datafield tag="650" ind1="1" ind2=" ">
         <marc:subfield code="a">surface-enhanced Raman</marc:subfield>
         <marc:subfield code="x">nanostructured metal</marc:subfield>
         <marc:subfield code="x">SERS</marc:subfield>
         <marc:subfield code="x">surface spectroscopy</marc:subfield>
      </marc:datafield>
      <marc:datafield tag="773" ind1="0" ind2=" ">
         <marc:subfield code="q">36&lt;485</marc:subfield>
         <marc:subfield code="t">J. Raman Spectrosc.</marc:subfield>
      </marc:datafield>
      
      <marc:datafield tag="856" ind1=" " ind2=" ">
         <marc:subfield code="u">10.1002/jrs.1362</marc:subfield>
      </marc:datafield>
      <marc:datafield tag="856" ind1=" " ind2=" ">
         <marc:subfield code="u">http://dx.doi.org/10.1002/jrs.1362</marc:subfield>
      </marc:datafield>
   </marc:record>