
   <marc:record>
      <marc:leader>     nam  22     uu 4500</marc:leader>
      <marc:controlfield tag="008">      |           ||||||||||||||||||||||</marc:controlfield>
      <marc:datafield tag="245" ind1="1" ind2="0">
         <marc:subfield code="a">Surface Plasmon Spectroscopy of Nanosized Metal Particles</marc:subfield>
      </marc:datafield>
      <marc:datafield tag="700" ind1="1" ind2=" ">
         <marc:subfield code="a">Paul Mulvaney</marc:subfield>
         <marc:subfield code="e">author</marc:subfield>
      </marc:datafield>
      
      <marc:datafield tag="655" ind1=" " ind2="7">
         <marc:subfield code="a">journal article</marc:subfield>
      </marc:datafield>
      <marc:datafield tag="655" ind1=" " ind2="7">
         <marc:subfield code="a">article</marc:subfield>
         <marc:subfield code="2">bibtex</marc:subfield>
      </marc:datafield>
      <marc:datafield tag="260" ind1=" " ind2=" "/>
      <marc:datafield tag="520" ind1=" " ind2=" ">
         <marc:subfield code="a">The use of optical measurements to monitor electrochemical changes on the surface of nanosized metal particles is discussed within the Drude model. The absorption spectrum of a metal sol in water is shown to be strongly affected by cathodic or anodic polarization, chemisorption, metal adatom deposition, and alloying. Anion adsorption leads to strong damping of the free electron absorption. Cathodic polarization leads to anion desorption. Underpotential deposition (upd) of electropositive metal layers results in dramatic blue-shifts of the surface plasmon band of the substrate. The deposition of just 0.1 monolayer can be readily detected by eye. In some cases alloying occurs spontaneously during upd. Alloy formation can be ascertained from the optical absorption spectrum in the case of gold deposition onto silver sols. The underpotential deposition of silver adatoms onto palladium leads to the formation of a homogeneous silver shell, but the mean free path is less than predicted, due to lattice strain in the shell.</marc:subfield>
      </marc:datafield>
      <marc:datafield tag="773" ind1="0" ind2=" ">
         <marc:subfield code="q">12:3&lt;788</marc:subfield>
         <marc:subfield code="t">Langmuir</marc:subfield>
      </marc:datafield>
      
      <marc:datafield tag="856" ind1=" " ind2=" ">
         <marc:subfield code="u">10.1021/la9502711</marc:subfield>
      </marc:datafield>
      <marc:datafield tag="856" ind1=" " ind2=" ">
         <marc:subfield code="u">http://dx.doi.org/10.1021/la9502711</marc:subfield>
      </marc:datafield>
   </marc:record>