
   <marc:record>
      <marc:leader>     nam  22     uu 4500</marc:leader>
      <marc:controlfield tag="008">      |           ||||||||||||||||||||||</marc:controlfield>
      <marc:datafield tag="245" ind1="1" ind2="0">
         <marc:subfield code="a">Silica encapsulation of quantum dots and metal clusters</marc:subfield>
      </marc:datafield>
      <marc:datafield tag="700" ind1="1" ind2=" ">
         <marc:subfield code="a">P. Mulvaney</marc:subfield>
         <marc:subfield code="e">author</marc:subfield>
      </marc:datafield>
      <marc:datafield tag="700" ind1="1" ind2=" ">
         <marc:subfield code="a">L. M. Liz-Marzán</marc:subfield>
         <marc:subfield code="e">author</marc:subfield>
      </marc:datafield>
      <marc:datafield tag="700" ind1="1" ind2=" ">
         <marc:subfield code="a">M. Giersig</marc:subfield>
         <marc:subfield code="e">author</marc:subfield>
      </marc:datafield>
      <marc:datafield tag="700" ind1="1" ind2=" ">
         <marc:subfield code="a">T. Ung</marc:subfield>
         <marc:subfield code="e">author</marc:subfield>
      </marc:datafield>
      
      <marc:datafield tag="655" ind1=" " ind2="7">
         <marc:subfield code="a">journal article</marc:subfield>
      </marc:datafield>
      <marc:datafield tag="655" ind1=" " ind2="7">
         <marc:subfield code="a">article</marc:subfield>
         <marc:subfield code="2">bibtex</marc:subfield>
      </marc:datafield>
      <marc:datafield tag="260" ind1=" " ind2=" "/>
      <marc:datafield tag="520" ind1=" " ind2=" ">
         <marc:subfield code="a">The use of nanometre thick silica shells as a means to stabilize metal clusters and semiconductor particles is discussed, and its potential advantages over conventional organic capping agents are presented. Shell deposition depends on control of the double layer potential, and requires priming of the core particle surface. Chemical reactions are possible within the core, via diffusion of reactants through the shell layer. Quantum dots can be stabilized against photochemical degradation through silica deposition, whilst retaining strong fluorescence quantum yields and their size dependent optical properties. Ordered 3D and 2D arrays of a macroscopic size with uniform particle spacing can be created. Thin colloid films can also be created with well-defined interparticle spacing, allowing controlled coupling of exciton and surface plasmon modes to be investigated. A number of future core-shell nanocomposite structures are postulated, including quantum bubbles and single electron capacitors based on AuSiO2</marc:subfield>
      </marc:datafield>
      <marc:datafield tag="773" ind1="0" ind2=" ">
         <marc:subfield code="q">10:6&lt;1259</marc:subfield>
         <marc:subfield code="t">J. Mater. Chem.</marc:subfield>
      </marc:datafield>
      
      <marc:datafield tag="856" ind1=" " ind2=" ">
         <marc:subfield code="u">10.1039/b000136h</marc:subfield>
      </marc:datafield>
      <marc:datafield tag="856" ind1=" " ind2=" ">
         <marc:subfield code="u">http://dx.doi.org/10.1039/b000136h</marc:subfield>
      </marc:datafield>
   </marc:record>