
   <marc:record>
      <marc:leader>     nam  22     uu 4500</marc:leader>
      <marc:controlfield tag="008">      |           ||||||||||||||||||||||</marc:controlfield>
      <marc:datafield tag="245" ind1="1" ind2="0">
         <marc:subfield code="a">Molecular electronic spectral broadening in liquids and glasses</marc:subfield>
      </marc:datafield>
      <marc:datafield tag="700" ind1="1" ind2=" ">
         <marc:subfield code="a">Anne B. Myers</marc:subfield>
         <marc:subfield code="e">author</marc:subfield>
      </marc:datafield>
      
      <marc:datafield tag="655" ind1=" " ind2="7">
         <marc:subfield code="a">journal article</marc:subfield>
      </marc:datafield>
      <marc:datafield tag="655" ind1=" " ind2="7">
         <marc:subfield code="a">article</marc:subfield>
         <marc:subfield code="2">bibtex</marc:subfield>
      </marc:datafield>
      <marc:datafield tag="260" ind1=" " ind2=" "/>
      <marc:datafield tag="520" ind1=" " ind2=" ">
         <marc:subfield code="a">The magnitudes, time scales, and underlying mechanisms responsible for broadening the electronic spectra of molecules in liquid solutions and glasses are reviewed. The emphasis is on experimental results from hole-burning, single-molecule, photon echo, and resonance Raman and fluorescence studies. The influence of the time scale of the measurement in distinguishing between homogeneous broadening (electronic dephasing) and inhomogeneous broadening is discussed, and the role of coupling of solvent phonons to the solute's electronic transition is stressed.</marc:subfield>
      </marc:datafield>
      <marc:datafield tag="773" ind1="0" ind2=" ">
         <marc:subfield code="q">49:1&lt;267</marc:subfield>
         <marc:subfield code="t">Ann. Rev. Phys. Chem.</marc:subfield>
      </marc:datafield>
      
      <marc:datafield tag="856" ind1=" " ind2=" ">
         <marc:subfield code="u">10.1146/annurev.physchem.49.1.267</marc:subfield>
      </marc:datafield>
      <marc:datafield tag="856" ind1=" " ind2=" ">
         <marc:subfield code="u">http://arjournals.annualreviews.org/doi/abs/10.1146/annurev.physchem.49.1.267</marc:subfield>
      </marc:datafield>
      <marc:datafield tag="856" ind1=" " ind2=" ">
         <marc:subfield code="u">http://dx.doi.org/10.1146/annurev.physchem.49.1.267</marc:subfield>
      </marc:datafield>
   </marc:record>