
   <marc:record>
      <marc:leader>     nam  22     uu 4500</marc:leader>
      <marc:controlfield tag="008">      |           ||||||||||||||||||||||</marc:controlfield>
      <marc:datafield tag="245" ind1="1" ind2="0">
         <marc:subfield code="a">Enhancing and Quenching Functions of Silver Nanoparticles on the Luminescent Properties of Europium Complex in the Solution Phase</marc:subfield>
      </marc:datafield>
      <marc:datafield tag="700" ind1="1" ind2=" ">
         <marc:subfield code="a">Hideki Nabika</marc:subfield>
         <marc:subfield code="e">author</marc:subfield>
      </marc:datafield>
      <marc:datafield tag="700" ind1="1" ind2=" ">
         <marc:subfield code="a">Shigehito Deki</marc:subfield>
         <marc:subfield code="e">author</marc:subfield>
      </marc:datafield>
      
      <marc:datafield tag="655" ind1=" " ind2="7">
         <marc:subfield code="a">journal article</marc:subfield>
      </marc:datafield>
      <marc:datafield tag="655" ind1=" " ind2="7">
         <marc:subfield code="a">article</marc:subfield>
         <marc:subfield code="2">bibtex</marc:subfield>
      </marc:datafield>
      <marc:datafield tag="260" ind1=" " ind2=" "/>
      <marc:datafield tag="520" ind1=" " ind2=" ">
         <marc:subfield code="a">Luminescent properties of the Eu(dinic) complex, where dinic is dinicotinic acid, were examined in the presence of silver nanoparticles in N,N-dimethylformamide. The formation of particle aggregates was observed upon mixing the particle solution with the complex solution, in which the complexes behaved like linker molecules. Luminescent intensity of the complexes was enhanced in the presence of silver nanoparticles, but at only a limited particle concentration region. The observed particle concentration dependences of the luminescent intensity were regarded as the result of a delicate balance between an enhancing and a quenching effect of the silver nanoparticles. In addition to the change in intensity, silver nanoparticles also affected the asymmetric ratio (or monochromaticity) of the europium luminescence. These changes in the luminescent properties of the complex were discussed in terms of the effects of particle aggregates and consequent modifications of the local electromagnetic field, refractive index, and the ligand field around europium ion.</marc:subfield>
      </marc:datafield>
      <marc:datafield tag="650" ind1="1" ind2=" ">
         <marc:subfield code="a">resonance energy-transfer</marc:subfield>
         <marc:subfield code="x">spontaneous emission</marc:subfield>
         <marc:subfield code="x">raman-scattering</marc:subfield>
         <marc:subfield code="x">surface</marc:subfield>
         <marc:subfield code="x">fluorescence</marc:subfield>
         <marc:subfield code="x">molecules</marc:subfield>
         <marc:subfield code="x">dna</marc:subfield>
         <marc:subfield code="x">terbium(iii)</marc:subfield>
         <marc:subfield code="x">nanorods</marc:subfield>
         <marc:subfield code="x">ligands</marc:subfield>
      </marc:datafield>
      <marc:datafield tag="773" ind1="0" ind2=" ">
         <marc:subfield code="q">107:35&lt;9161</marc:subfield>
         <marc:subfield code="t">J. Phys. Chem. B</marc:subfield>
      </marc:datafield>
      
      <marc:datafield tag="856" ind1=" " ind2=" ">
         <marc:subfield code="u">10.1021/jp035741b</marc:subfield>
      </marc:datafield>
      <marc:datafield tag="856" ind1=" " ind2=" ">
         <marc:subfield code="u">http://dx.doi.org/10.1021/jp035741b</marc:subfield>
      </marc:datafield>
   </marc:record>