
   <marc:record>
      <marc:leader>     nam  22     uu 4500</marc:leader>
      <marc:controlfield tag="008">      |           ||||||||||||||||||||||</marc:controlfield>
      <marc:datafield tag="245" ind1="1" ind2="0">
         <marc:subfield code="a">Effect of primary and secondary structure of oligodeoxyribonucleotides on the fluorescent properties of conjugated dyes</marc:subfield>
      </marc:datafield>
      <marc:datafield tag="700" ind1="1" ind2=" ">
         <marc:subfield code="a">Irina Nazarenko</marc:subfield>
         <marc:subfield code="e">author</marc:subfield>
      </marc:datafield>
      <marc:datafield tag="700" ind1="1" ind2=" ">
         <marc:subfield code="a">Rick Pires</marc:subfield>
         <marc:subfield code="e">author</marc:subfield>
      </marc:datafield>
      <marc:datafield tag="700" ind1="1" ind2=" ">
         <marc:subfield code="a">Brian Lowe</marc:subfield>
         <marc:subfield code="e">author</marc:subfield>
      </marc:datafield>
      <marc:datafield tag="700" ind1="1" ind2=" ">
         <marc:subfield code="a">Mohamad Obaidy</marc:subfield>
         <marc:subfield code="e">author</marc:subfield>
      </marc:datafield>
      <marc:datafield tag="700" ind1="1" ind2=" ">
         <marc:subfield code="a">Ayoub Rashtchian</marc:subfield>
         <marc:subfield code="e">author</marc:subfield>
      </marc:datafield>
      
      <marc:datafield tag="655" ind1=" " ind2="7">
         <marc:subfield code="a">journal article</marc:subfield>
      </marc:datafield>
      <marc:datafield tag="655" ind1=" " ind2="7">
         <marc:subfield code="a">article</marc:subfield>
         <marc:subfield code="2">bibtex</marc:subfield>
      </marc:datafield>
      <marc:datafield tag="260" ind1=" " ind2=" "/>
      <marc:datafield tag="520" ind1=" " ind2=" ">
         <marc:subfield code="a">We studied fluorescence intensity, polarization and lifetime of some commonly used fluorophores conjugated to oligodeoxyribonucleotides with different primary and secondary structures. We found that fluorescence intensity can increase or decrease upon hybridization of the labeled strand to its complement depending on the sequence and position of the fluorophore. Up to 10-fold quenching of the fluorescence upon hybridization was observed when the dye moiety was attached close to the 3' end and the 3'-terminal base was either dG or dC. No quenching upon hybridization was observed when the dye was positioned within the same sequence context but close to the 5' end. The presence of a dG overhang quenches the fluorescence less efficiently than a blunt end dG-dC or dC-dG base pair. When located internally in the double strand, the dG-dC base pair does not affect the fluorescence of the nearby dye. Guanosine in a single-stranded oligonucleotide quenches the fluorescence of nearby dye by &lt;2-fold. Upon duplex formation, this quenching is eliminated and the fluorescence increases. This increase can only be detected when the fluorophore is located at least 6 nt from the terminal dG-dC base pair. The change of fluorescence polarization upon duplex formation inversely correlates with the change of intensity. Fluorescein conjugated to a single-stranded oligonucleotide or a duplex undergoes a bi-exponential decay with 4 and 1 ns lifetimes.</marc:subfield>
      </marc:datafield>
      <marc:datafield tag="773" ind1="0" ind2=" ">
         <marc:subfield code="q">30:9&lt;2089</marc:subfield>
         <marc:subfield code="t">Nucl. Acids Res.</marc:subfield>
      </marc:datafield>
      
      <marc:datafield tag="856" ind1=" " ind2=" ">
         <marc:subfield code="u">http://nar.oupjournals.org/cgi/content/abstract/30/9/2089</marc:subfield>
      </marc:datafield>
   </marc:record>