
   <marc:record>
      <marc:leader>     nam  22     uu 4500</marc:leader>
      <marc:controlfield tag="008">      |           ||||||||||||||||||||||</marc:controlfield>
      <marc:datafield tag="245" ind1="1" ind2="0">
         <marc:subfield code="a">Visible photoluminescence from nearly monodispersed Au12 clusters protected by meso-2,3-dimercaptosuccinic acid</marc:subfield>
      </marc:datafield>
      <marc:datafield tag="700" ind1="1" ind2=" ">
         <marc:subfield code="a">Yuichi Negishi</marc:subfield>
         <marc:subfield code="e">author</marc:subfield>
      </marc:datafield>
      <marc:datafield tag="700" ind1="1" ind2=" ">
         <marc:subfield code="a">Tatsuya Tsukuda</marc:subfield>
         <marc:subfield code="e">author</marc:subfield>
      </marc:datafield>
      
      <marc:datafield tag="655" ind1=" " ind2="7">
         <marc:subfield code="a">journal article</marc:subfield>
      </marc:datafield>
      <marc:datafield tag="655" ind1=" " ind2="7">
         <marc:subfield code="a">article</marc:subfield>
         <marc:subfield code="2">bibtex</marc:subfield>
      </marc:datafield>
      <marc:datafield tag="260" ind1=" " ind2=" "/>
      <marc:datafield tag="520" ind1=" " ind2=" ">
         <marc:subfield code="a">Nearly monodispersed Au12 clusters protected by monolayers of meso-2,3-dimercaptosuccinic acid (DMSA) exhibited luminescence at 630 nm with a quantum yield of 1 × 10?6 upon the photoexcitation at 395 nm to the lowest electronic excited state. The visible PL is assigned to phosphorescence originating from a triplet-like excited state based on the large Stokes shift (1.2 eV). The PL quantum yield was enhanced up to ?0.9%, greater by eight orders of magnitude than that of bulk gold, by thickening the protecting layer and freezing a solvent at 77 K. The emission peak energy is discussed within the context of core-size dependent electronic structures by comparison with those of thiolate-protected gold clusters reported in the literature.</marc:subfield>
      </marc:datafield>
      <marc:datafield tag="773" ind1="0" ind2=" ">
         <marc:subfield code="q">383:1-2&lt;161</marc:subfield>
         <marc:subfield code="t">Chem. Phys. Lett.</marc:subfield>
      </marc:datafield>
      
      <marc:datafield tag="856" ind1=" " ind2=" ">
         <marc:subfield code="u">10.1016/j.cplett.2003.10.136</marc:subfield>
      </marc:datafield>
      <marc:datafield tag="856" ind1=" " ind2=" ">
         <marc:subfield code="u">http://dx.doi.org/10.1016/j.cplett.2003.10.136</marc:subfield>
      </marc:datafield>
   </marc:record>