
   <marc:record>
      <marc:leader>     nam  22     uu 4500</marc:leader>
      <marc:controlfield tag="008">      |           ||||||||||||||||||||||</marc:controlfield>
      <marc:datafield tag="245" ind1="1" ind2="0">
         <marc:subfield code="a">{DNA}-{B}ased {A}ssembly of {M}etal {N}anoparticles</marc:subfield>
      </marc:datafield>
      <marc:datafield tag="700" ind1="1" ind2=" ">
         <marc:subfield code="a">Christof M. Niemeyer</marc:subfield>
         <marc:subfield code="e">author</marc:subfield>
      </marc:datafield>
      <marc:datafield tag="700" ind1="1" ind2=" ">
         <marc:subfield code="a">Ulrich Simon</marc:subfield>
         <marc:subfield code="e">author</marc:subfield>
      </marc:datafield>
      
      <marc:datafield tag="655" ind1=" " ind2="7">
         <marc:subfield code="a">journal article</marc:subfield>
      </marc:datafield>
      <marc:datafield tag="655" ind1=" " ind2="7">
         <marc:subfield code="a">article</marc:subfield>
         <marc:subfield code="2">bibtex</marc:subfield>
      </marc:datafield>
      <marc:datafield tag="260" ind1=" " ind2=" "/>
      <marc:datafield tag="520" ind1=" " ind2=" ">
         <marc:subfield code="a">In this microreview we describe the principles of DNA-based assembly of metal nanoparticles in one, two and three dimensions. Different methods of liquid-phase synthesis of metal nanoparticles as well as their functionalisation with DNA are introduced. The concepts developed up to now for the assembly are explained, with selected examples to illustrate the properties of these assemblies as well as emerging applications.</marc:subfield>
      </marc:datafield>
      <marc:datafield tag="650" ind1="1" ind2=" ">
         <marc:subfield code="a">DNA</marc:subfield>
         <marc:subfield code="x">Materials science</marc:subfield>
         <marc:subfield code="x">Nanoparticles</marc:subfield>
         <marc:subfield code="x">Self-Assembly</marc:subfield>
         <marc:subfield code="x">Supramolecular Chemistry</marc:subfield>
      </marc:datafield>
      <marc:datafield tag="773" ind1="0" ind2=" ">
         <marc:subfield code="q">2005:18&lt;3641</marc:subfield>
         <marc:subfield code="t">Eur. J. Inorg. Chem.</marc:subfield>
      </marc:datafield>
      
      <marc:datafield tag="856" ind1=" " ind2=" ">
         <marc:subfield code="u">10.1002/ejic.200500425</marc:subfield>
      </marc:datafield>
      <marc:datafield tag="856" ind1=" " ind2=" ">
         <marc:subfield code="u">http://dx.doi.org/10.1002/ejic.200500425</marc:subfield>
      </marc:datafield>
   </marc:record>