
   <marc:record>
      <marc:leader>     nam  22     uu 4500</marc:leader>
      <marc:controlfield tag="008">      |           ||||||||||||||||||||||</marc:controlfield>
      <marc:datafield tag="245" ind1="1" ind2="0">
         <marc:subfield code="a">Electronic Structure and Photochemical Properties of a Monolayer-Protected Gold Cluster</marc:subfield>
      </marc:datafield>
      <marc:datafield tag="700" ind1="1" ind2=" ">
         <marc:subfield code="a">Katsuyuki Nobusada</marc:subfield>
         <marc:subfield code="e">author</marc:subfield>
      </marc:datafield>
      
      <marc:datafield tag="655" ind1=" " ind2="7">
         <marc:subfield code="a">journal article</marc:subfield>
      </marc:datafield>
      <marc:datafield tag="655" ind1=" " ind2="7">
         <marc:subfield code="a">article</marc:subfield>
         <marc:subfield code="2">bibtex</marc:subfield>
      </marc:datafield>
      <marc:datafield tag="260" ind1=" " ind2=" "/>
      <marc:datafield tag="520" ind1=" " ind2=" ">
         <marc:subfield code="a">The electronic structure of a monolayer-protected gold cluster, [Au13(SCH3)8]3+, has been investigated by performing density functional calculations. The cluster has a characteristic structure with Oh molecular symmetry, and eight (111) facets of a centered cuboctahedral Au13 core cluster are fully passivated by eight methanethiolates. The bond distance between two neighboring gold atoms (3.673 {\AA}) is much larger than that of the bare Au13 cluster (2.929 {\AA}), whereas the Au-S bond distance is 2.403 {\AA}. This atomic rearrangement means that the methanethiolates stabilize the enlarged bare Au13 cluster by bonding to the (111) hollow sites of the bare cluster. The absorption spectrum of the [Au13(SCH3)8]3+ cluster is simulated within time-dependent density functional theory. The spectrum shows clear absorption peaks and each peak is assigned to specific excitation processes.</marc:subfield>
      </marc:datafield>
      <marc:datafield tag="773" ind1="0" ind2=" ">
         <marc:subfield code="q">108:32&lt;11904</marc:subfield>
         <marc:subfield code="t">J. Phys. Chem. B</marc:subfield>
      </marc:datafield>
      
      <marc:datafield tag="856" ind1=" " ind2=" ">
         <marc:subfield code="u">10.1021/jp049879l</marc:subfield>
      </marc:datafield>
      <marc:datafield tag="856" ind1=" " ind2=" ">
         <marc:subfield code="u">http://dx.doi.org/10.1021/jp049879l</marc:subfield>
      </marc:datafield>
   </marc:record>