
   <marc:record>
      <marc:leader>     nam  22     uu 4500</marc:leader>
      <marc:controlfield tag="008">      |           ||||||||||||||||||||||</marc:controlfield>
      <marc:datafield tag="245" ind1="1" ind2="0">
         <marc:subfield code="a">Spectroscopic studies of liquid solutions of R6G laser dye and Ag nanoparticle aggregates</marc:subfield>
      </marc:datafield>
      <marc:datafield tag="700" ind1="1" ind2=" ">
         <marc:subfield code="a">M A Noginov</marc:subfield>
         <marc:subfield code="e">author</marc:subfield>
      </marc:datafield>
      <marc:datafield tag="700" ind1="1" ind2=" ">
         <marc:subfield code="a">M Vondrova</marc:subfield>
         <marc:subfield code="e">author</marc:subfield>
      </marc:datafield>
      <marc:datafield tag="700" ind1="1" ind2=" ">
         <marc:subfield code="a">S M Williams</marc:subfield>
         <marc:subfield code="e">author</marc:subfield>
      </marc:datafield>
      <marc:datafield tag="700" ind1="1" ind2=" ">
         <marc:subfield code="a">M Bahoura</marc:subfield>
         <marc:subfield code="e">author</marc:subfield>
      </marc:datafield>
      <marc:datafield tag="700" ind1="1" ind2=" ">
         <marc:subfield code="a">V I Gavrilenko</marc:subfield>
         <marc:subfield code="e">author</marc:subfield>
      </marc:datafield>
      <marc:datafield tag="700" ind1="1" ind2=" ">
         <marc:subfield code="a">S M Black</marc:subfield>
         <marc:subfield code="e">author</marc:subfield>
      </marc:datafield>
      <marc:datafield tag="700" ind1="1" ind2=" ">
         <marc:subfield code="a">V P Drachev</marc:subfield>
         <marc:subfield code="e">author</marc:subfield>
      </marc:datafield>
      <marc:datafield tag="700" ind1="1" ind2=" ">
         <marc:subfield code="a">V M Shalaev</marc:subfield>
         <marc:subfield code="e">author</marc:subfield>
      </marc:datafield>
      <marc:datafield tag="700" ind1="1" ind2=" ">
         <marc:subfield code="a">A Sykes</marc:subfield>
         <marc:subfield code="e">author</marc:subfield>
      </marc:datafield>
      
      <marc:datafield tag="655" ind1=" " ind2="7">
         <marc:subfield code="a">journal article</marc:subfield>
      </marc:datafield>
      <marc:datafield tag="655" ind1=" " ind2="7">
         <marc:subfield code="a">article</marc:subfield>
         <marc:subfield code="2">bibtex</marc:subfield>
      </marc:datafield>
      <marc:datafield tag="260" ind1=" " ind2=" "/>
      <marc:datafield tag="520" ind1=" " ind2=" ">
         <marc:subfield code="a">We have found that {R}6{G} laser dye in a concentration of 0.1 g l$^{\&amp;minus;1}$ mixed with a solution of aggregated silver nanoparticles exhibits a new emission band with a maximum at 612 nm. {T}his band does not exist in pure dye of comparable concentration or in a mixture of dye with a solution of single silver nanoparticles. {A} qualitatively similar red-shifted emission band is observed in pure {R}6{G} dye at very high concentration (3.8 or 16.7 g l$^{\&amp;minus;1}$). {I}n both cases, no changes occur to the shapes of the absorption spectra of the dye. {W}e explain the observed spectral changes in terms of {J}-aggregates of {R}6{G} molecules whose formation is probable in the presence of {A}g aggregates with a complicated surface structure and is much less likely in the case of adsorption of dye molecules on single {A}g nanoparticles. {A}lternatively, many features observed in the experiment can be explained by an enhancement of the rates of spontaneous radiative transitions in the proximity of metallic particles, which is due to a modification of the local density of electromagnetic modes in the vicinity of metal surfaces at energies resonant with surface plasmon resonances.</marc:subfield>
      </marc:datafield>
      <marc:datafield tag="650" ind1="1" ind2=" ">
         <marc:subfield code="a">laser dyes</marc:subfield>
         <marc:subfield code="x">aggregates of dye molecules</marc:subfield>
         <marc:subfield code="x">aggregates of silver nanoparticles</marc:subfield>
         <marc:subfield code="x">emission enhancement</marc:subfield>
      </marc:datafield>
      <marc:datafield tag="773" ind1="0" ind2=" ">
         <marc:subfield code="q">7:2&lt;S219</marc:subfield>
         <marc:subfield code="t">J. Opt. A-Pure Appl. Opt.</marc:subfield>
      </marc:datafield>
      
      <marc:datafield tag="856" ind1=" " ind2=" ">
         <marc:subfield code="u">10.1088/1464-4258/7/2/029</marc:subfield>
      </marc:datafield>
      <marc:datafield tag="856" ind1=" " ind2=" ">
         <marc:subfield code="u">http://stacks.iop.org/1464-4258/7/S219</marc:subfield>
      </marc:datafield>
      <marc:datafield tag="856" ind1=" " ind2=" ">
         <marc:subfield code="u">http://dx.doi.org/10.1088/1464-4258/7/2/029</marc:subfield>
      </marc:datafield>
   </marc:record>