
   <marc:record>
      <marc:leader>     nam  22     uu 4500</marc:leader>
      <marc:controlfield tag="008">      |           ||||||||||||||||||||||</marc:controlfield>
      <marc:datafield tag="245" ind1="1" ind2="0">
         <marc:subfield code="a">Electrical properties of short DNA oligomers characterized by conducting atomic force microscopy</marc:subfield>
      </marc:datafield>
      <marc:datafield tag="700" ind1="1" ind2=" ">
         <marc:subfield code="a">Claude Nogues</marc:subfield>
         <marc:subfield code="e">author</marc:subfield>
      </marc:datafield>
      <marc:datafield tag="700" ind1="1" ind2=" ">
         <marc:subfield code="a">Sidney R. Cohen</marc:subfield>
         <marc:subfield code="e">author</marc:subfield>
      </marc:datafield>
      <marc:datafield tag="700" ind1="1" ind2=" ">
         <marc:subfield code="a">Shirley S. Daube</marc:subfield>
         <marc:subfield code="e">author</marc:subfield>
      </marc:datafield>
      <marc:datafield tag="700" ind1="1" ind2=" ">
         <marc:subfield code="a">Ron Naaman</marc:subfield>
         <marc:subfield code="e">author</marc:subfield>
      </marc:datafield>
      
      <marc:datafield tag="655" ind1=" " ind2="7">
         <marc:subfield code="a">journal article</marc:subfield>
      </marc:datafield>
      <marc:datafield tag="655" ind1=" " ind2="7">
         <marc:subfield code="a">article</marc:subfield>
         <marc:subfield code="2">bibtex</marc:subfield>
      </marc:datafield>
      <marc:datafield tag="260" ind1=" " ind2=" "/>
      <marc:datafield tag="520" ind1=" " ind2=" ">
         <marc:subfield code="a">Complementary, single-strands of DNA (ssDNA), one bound to a gold electrode and the other to a gold nanoparticle were hybridized on the surface to form a self-assembled, dsDNA bridge between the two gold contacts. The adsorption of a ssDNA monolayer at each gold interface eliminates non-specific interactions of the dsDNA with the surface, allowing bridge formation only upon hybridization. The technique used, in addition to providing a good electrical contact, offers topographical contrast between the gold nanoparticles and the non-hybridized surface and enables accurate location of the bridge for the electrical measurements. Reproducible AFM conductivity measurements have been performed and significant qualitative differences were detected between conductivity in single- and double-strand DNA. The ssDNA was found to be insulating over a 4 eV range between ±2 V under the studied conditions, while the dsDNA, bound to the gold nanoparticle, behaves like a wide band gap semiconductor and passes significant current outside of a 3 eV gap.</marc:subfield>
      </marc:datafield>
      <marc:datafield tag="773" ind1="0" ind2=" ">
         <marc:subfield code="q">6&lt;4459</marc:subfield>
         <marc:subfield code="t">Phys. Chem. Chem. Phys.</marc:subfield>
      </marc:datafield>
      
      <marc:datafield tag="856" ind1=" " ind2=" ">
         <marc:subfield code="u">10.1039/b410862k</marc:subfield>
      </marc:datafield>
      <marc:datafield tag="856" ind1=" " ind2=" ">
         <marc:subfield code="u">http://dx.doi.org/10.1039/b410862k</marc:subfield>
      </marc:datafield>
   </marc:record>