
   <marc:record>
      <marc:leader>     nam  22     uu 4500</marc:leader>
      <marc:controlfield tag="008">      |           ||||||||||||||||||||||</marc:controlfield>
      <marc:datafield tag="245" ind1="1" ind2="0">
         <marc:subfield code="a">Ground and Excited State Reactions of New Red Fluorescent Dyes and the DNA base guanosine</marc:subfield>
      </marc:datafield>
      <marc:datafield tag="700" ind1="1" ind2=" ">
         <marc:subfield code="a">S. Nord</marc:subfield>
         <marc:subfield code="e">author</marc:subfield>
      </marc:datafield>
      <marc:datafield tag="700" ind1="1" ind2=" ">
         <marc:subfield code="a">M. Sauer</marc:subfield>
         <marc:subfield code="e">author</marc:subfield>
      </marc:datafield>
      <marc:datafield tag="700" ind1="1" ind2=" ">
         <marc:subfield code="a">J. Arden-Jacob</marc:subfield>
         <marc:subfield code="e">author</marc:subfield>
      </marc:datafield>
      <marc:datafield tag="700" ind1="1" ind2=" ">
         <marc:subfield code="a">K. H. Drexhage</marc:subfield>
         <marc:subfield code="e">author</marc:subfield>
      </marc:datafield>
      <marc:datafield tag="700" ind1="1" ind2=" ">
         <marc:subfield code="a">U. Lieberwirth</marc:subfield>
         <marc:subfield code="e">author</marc:subfield>
      </marc:datafield>
      <marc:datafield tag="700" ind1="1" ind2=" ">
         <marc:subfield code="a">S. Seeger</marc:subfield>
         <marc:subfield code="e">author</marc:subfield>
      </marc:datafield>
      <marc:datafield tag="700" ind1="1" ind2=" ">
         <marc:subfield code="a">J. Wolfrum</marc:subfield>
         <marc:subfield code="e">author</marc:subfield>
      </marc:datafield>
      
      <marc:datafield tag="655" ind1=" " ind2="7">
         <marc:subfield code="a">journal article</marc:subfield>
      </marc:datafield>
      <marc:datafield tag="655" ind1=" " ind2="7">
         <marc:subfield code="a">article</marc:subfield>
         <marc:subfield code="2">bibtex</marc:subfield>
      </marc:datafield>
      <marc:datafield tag="260" ind1=" " ind2=" "/>
      <marc:datafield tag="520" ind1=" " ind2=" ">
         <marc:subfield code="a">The increased sensitivity and the advantage of new lopw-cost optical sources and detectros in the red region creates a great demand for new efficient fluorescence labels in this wavelength region. Here some problems arise due to the fact that with increasing absorption wavelength the fluorescence quantum yield drastically decreases, especially in aqueous media. Additionally, organic dyes may aggregate and show non-specific agginities to biological materials. We investigate the interactions of recently developed fluorescent dyes and two commercially available fluorescent dyes with the DNA base guanosine. The results obtained in intermolecular quenching experiments reveal various fluorescence quenching effects. Due to the increasing hydrophobicity of fluorescent dyes with increasing molecular size the aggregation tendency with biological materials also increases. Therefore ground and excited state interactions increase thus promoting the observed fluorescence quenching.</marc:subfield>
      </marc:datafield>
      <marc:datafield tag="650" ind1="1" ind2=" ">
         <marc:subfield code="a">Fluorescence</marc:subfield>
         <marc:subfield code="x">time-resolved spectroscopy</marc:subfield>
         <marc:subfield code="x">rhodamine dyes</marc:subfield>
         <marc:subfield code="x">DNA-bases</marc:subfield>
         <marc:subfield code="x">photochemistry</marc:subfield>
      </marc:datafield>
      <marc:datafield tag="773" ind1="0" ind2=" ">
         <marc:subfield code="q">7:1&lt;79(S)</marc:subfield>
         <marc:subfield code="t">J. Fluorescence</marc:subfield>
      </marc:datafield>
      
   </marc:record>