
   <marc:record>
      <marc:leader>     nam  22     uu 4500</marc:leader>
      <marc:controlfield tag="008">      |           ||||||||||||||||||||||</marc:controlfield>
      <marc:datafield tag="245" ind1="1" ind2="0">
         <marc:subfield code="a">Inhibition Assay of Biomolecules based on Fluorescence Resonance Energy Transfer (FRET) between Quantum Dots and Gold Nanoparticles</marc:subfield>
      </marc:datafield>
      <marc:datafield tag="700" ind1="1" ind2=" ">
         <marc:subfield code="a">Eunkeu Oh</marc:subfield>
         <marc:subfield code="e">author</marc:subfield>
      </marc:datafield>
      <marc:datafield tag="700" ind1="1" ind2=" ">
         <marc:subfield code="a">Mi-Young Hong</marc:subfield>
         <marc:subfield code="e">author</marc:subfield>
      </marc:datafield>
      <marc:datafield tag="700" ind1="1" ind2=" ">
         <marc:subfield code="a">Dohoon Lee</marc:subfield>
         <marc:subfield code="e">author</marc:subfield>
      </marc:datafield>
      <marc:datafield tag="700" ind1="1" ind2=" ">
         <marc:subfield code="a">Sung-Hun Nam</marc:subfield>
         <marc:subfield code="e">author</marc:subfield>
      </marc:datafield>
      <marc:datafield tag="700" ind1="1" ind2=" ">
         <marc:subfield code="a">Hyun C. Yoon</marc:subfield>
         <marc:subfield code="e">author</marc:subfield>
      </marc:datafield>
      <marc:datafield tag="700" ind1="1" ind2=" ">
         <marc:subfield code="a">Hak-Sung Kim</marc:subfield>
         <marc:subfield code="e">author</marc:subfield>
      </marc:datafield>
      
      <marc:datafield tag="655" ind1=" " ind2="7">
         <marc:subfield code="a">journal article</marc:subfield>
      </marc:datafield>
      <marc:datafield tag="655" ind1=" " ind2="7">
         <marc:subfield code="a">article</marc:subfield>
         <marc:subfield code="2">bibtex</marc:subfield>
      </marc:datafield>
      <marc:datafield tag="260" ind1=" " ind2=" "/>
      <marc:datafield tag="520" ind1=" " ind2=" ">
         <marc:subfield code="a">An inhibition assay method was developed based on the modulation in the FRET efficiency between quantum dots (QDs) and gold nanoparticles (AuNPs) in the presence of the molecules which inhibit the interactions between QD- and AuNP-conjugated biomolecules. For the functionalization, AuNPs were first stabilized by chemisorption of n-alkanethiols and then capped with the first generation polyamidoamine (G1 PAMAM) dendrimers. By employing a streptavidin-biotin couple as a model system, avidin was quantitatively analyzed as an inhibitor by sensing the change in photoluminescence (PL) quenching of SA-QDs by biotin-AuNPs. The detection limit for avidin was about 10 nM. It is anticipated that the PL quenching-based sensing system can be used for the quantitative analysis and high throughput screening of molecules which inhibit the specific biomolecular interactions.</marc:subfield>
      </marc:datafield>
      <marc:datafield tag="650" ind1="1" ind2=" ">
         <marc:subfield code="a">colorimetric detection</marc:subfield>
         <marc:subfield code="x">surface-modification</marc:subfield>
         <marc:subfield code="x">colloidal gold</marc:subfield>
         <marc:subfield code="x">nanocomposites</marc:subfield>
         <marc:subfield code="x">nanocrystals</marc:subfield>
         <marc:subfield code="x">recognition</marc:subfield>
         <marc:subfield code="x">monolayers</marc:subfield>
         <marc:subfield code="x">particles</marc:subfield>
         <marc:subfield code="x">donors</marc:subfield>
      </marc:datafield>
      <marc:datafield tag="773" ind1="0" ind2=" ">
         <marc:subfield code="q">127:10&lt;3270</marc:subfield>
         <marc:subfield code="t">J. Am. Chem. Soc.</marc:subfield>
      </marc:datafield>
      
      <marc:datafield tag="856" ind1=" " ind2=" ">
         <marc:subfield code="u">10.1021/ja0433323</marc:subfield>
      </marc:datafield>
      <marc:datafield tag="856" ind1=" " ind2=" ">
         <marc:subfield code="u">http://dx.doi.org/10.1021/ja0433323</marc:subfield>
      </marc:datafield>
   </marc:record>