
   <marc:record>
      <marc:leader>     nam  22     uu 4500</marc:leader>
      <marc:controlfield tag="008">      |           ||||||||||||||||||||||</marc:controlfield>
      <marc:datafield tag="245" ind1="1" ind2="0">
         <marc:subfield code="a">Two Particle Enhanced Nano Raman Microscopy and Spectroscopy</marc:subfield>
      </marc:datafield>
      <marc:datafield tag="700" ind1="1" ind2=" ">
         <marc:subfield code="a">P. Olk</marc:subfield>
         <marc:subfield code="e">author</marc:subfield>
         <marc:subfield code="u">Institut für Angewandte Photophysik, TU Dresden, 01062 Dresden, Germany</marc:subfield>
      </marc:datafield>
      <marc:datafield tag="700" ind1="1" ind2=" ">
         <marc:subfield code="a">J. Renger</marc:subfield>
         <marc:subfield code="e">author</marc:subfield>
         <marc:subfield code="u">Institut für Angewandte Photophysik, TU Dresden, 01062 Dresden, Germany</marc:subfield>
      </marc:datafield>
      <marc:datafield tag="700" ind1="1" ind2=" ">
         <marc:subfield code="a">T. Hartling</marc:subfield>
         <marc:subfield code="e">author</marc:subfield>
         <marc:subfield code="u">Institut für Angewandte Photophysik, TU Dresden, 01062 Dresden, Germany</marc:subfield>
      </marc:datafield>
      <marc:datafield tag="700" ind1="1" ind2=" ">
         <marc:subfield code="a">M. T. Wenzel</marc:subfield>
         <marc:subfield code="e">author</marc:subfield>
         <marc:subfield code="u">Institut für Angewandte Photophysik, TU Dresden, 01062 Dresden, Germany</marc:subfield>
      </marc:datafield>
      <marc:datafield tag="700" ind1="1" ind2=" ">
         <marc:subfield code="a">L. M. Eng</marc:subfield>
         <marc:subfield code="e">author</marc:subfield>
         <marc:subfield code="u">Institut für Angewandte Photophysik, TU Dresden, 01062 Dresden, Germany</marc:subfield>
      </marc:datafield>
      
      <marc:datafield tag="655" ind1=" " ind2="7">
         <marc:subfield code="a">journal article</marc:subfield>
      </marc:datafield>
      <marc:datafield tag="655" ind1=" " ind2="7">
         <marc:subfield code="a">article</marc:subfield>
         <marc:subfield code="2">bibtex</marc:subfield>
      </marc:datafield>
      <marc:datafield tag="260" ind1=" " ind2=" "/>
      <marc:datafield tag="520" ind1=" " ind2=" ">
         <marc:subfield code="a">The distance- and polarization-dependent near-field enhancement of two coupling metal nanoparticles (MNPs) is analyzed by means of the novel scanning particle enhanced Raman spectroscopy (SPRM) technique. In contrast to single MNP Raman experiments, the near-field coupling between two dissimilar MNPs as followed here leads to a Raman hot spot yielding an extra enhancement factor of 17.6 and 20, as proven here both in experiment and in theory. Three-dimensional electric field calculations for our two-particle arrangements were performed using the semianalytical multiple-multipole method. An excellent agreement is found to our experiments, in which we inspect the interaction between a "scanning" 30 nm gold MNP (Au30) and a "fixed" 80 nm Au MNP (Au80). The Au80 MNP is attached to the apex of an optical fiber manipulator and exposed to the Gaussian focus of a high NA = 1.45 objective at = 532 nm. A monolayer of 1-octanethiol molecules covering the Au80 MNP serves as the electric field prober when scanning the Au30 MNP through the optical focus. This constellation allows recording the Raman signatures from a very low number of well-confined molecules. Moreover, also the spectral and spatial dependence could be explored with a superb sensitivity and very low integration time.</marc:subfield>
      </marc:datafield>
      <marc:datafield tag="773" ind1="0" ind2=" ">
         <marc:subfield code="q">7:6&lt;1736</marc:subfield>
         <marc:subfield code="t">Nano Letters</marc:subfield>
         <marc:subfield code="x">1530-6984</marc:subfield>
      </marc:datafield>
      
      <marc:datafield tag="856" ind1=" " ind2=" ">
         <marc:subfield code="u">10.1021/nl070727m</marc:subfield>
      </marc:datafield>
      <marc:datafield tag="856" ind1=" " ind2=" ">
         <marc:subfield code="u">http://dx.doi.org/10.1021/nl070727m</marc:subfield>
      </marc:datafield>
   </marc:record>