
   <marc:record>
      <marc:leader>     nam  22     uu 4500</marc:leader>
      <marc:controlfield tag="008">      |           ||||||||||||||||||||||</marc:controlfield>
      <marc:datafield tag="245" ind1="1" ind2="0">
         <marc:subfield code="a">Characterization of Silane-Modified Immobilized Gold Colloids as a Substrate for Surface-Enhanced Raman Spectroscopy</marc:subfield>
      </marc:datafield>
      <marc:datafield tag="700" ind1="1" ind2=" ">
         <marc:subfield code="a">Lydia G. Olson</marc:subfield>
         <marc:subfield code="e">author</marc:subfield>
      </marc:datafield>
      <marc:datafield tag="700" ind1="1" ind2=" ">
         <marc:subfield code="a">Yu-Shui Lo</marc:subfield>
         <marc:subfield code="e">author</marc:subfield>
      </marc:datafield>
      <marc:datafield tag="700" ind1="1" ind2=" ">
         <marc:subfield code="a">Thomas P. Beebe Jr.</marc:subfield>
         <marc:subfield code="e">author</marc:subfield>
      </marc:datafield>
      <marc:datafield tag="700" ind1="1" ind2=" ">
         <marc:subfield code="a">Joel M. Harris</marc:subfield>
         <marc:subfield code="e">author</marc:subfield>
      </marc:datafield>
      
      <marc:datafield tag="655" ind1=" " ind2="7">
         <marc:subfield code="a">journal article</marc:subfield>
      </marc:datafield>
      <marc:datafield tag="655" ind1=" " ind2="7">
         <marc:subfield code="a">article</marc:subfield>
         <marc:subfield code="2">bibtex</marc:subfield>
      </marc:datafield>
      <marc:datafield tag="260" ind1=" " ind2=" "/>
      <marc:datafield tag="520" ind1=" " ind2=" ">
         <marc:subfield code="a">Immobilized gold colloid particles coated with a C-18 alkylsilane layer have been characterized as a substrate for surface-enhanced Raman scattering (SERS) studies of adsorption onto hydrophobic surfaces. Atomic force microscopy images, optical extinction spectra, and SERS measurements are reported as a function of accumulation of gold colloid on glass. As the metal particles become increasingly aggregated on the surface, the SERS enhancement increases until the plasmon resonance shifts to wavelengths longer than the excitation laser. The gold colloid substrates are stable and exhibit reproducible SERS enhancement. When octadecyltrimethoxysilane is self-assembled over the gold, the metal surface is protected from exposure to solution-phase species, as evidenced by the inhibition of chemisorption of a disulfide reagent to the overcoated gold surface. The results show that interactions with gold can be blocked by a silane layer so as not to significantly influence physisorption of molecules at the C-18/solution interface. The SERS enhancement from these C-18-overcoated gold substrates is reproducible for different films prepared from the same colloidal suspension; the substrates are also stable with time and upon exposure to laser irradiation.</marc:subfield>
      </marc:datafield>
      <marc:datafield tag="773" ind1="0" ind2=" ">
         <marc:subfield code="q">73:17&lt;4268</marc:subfield>
         <marc:subfield code="t">Anal. Chem.</marc:subfield>
      </marc:datafield>
      
      <marc:datafield tag="856" ind1=" " ind2=" ">
         <marc:subfield code="u">10.1021/ac000873b</marc:subfield>
      </marc:datafield>
      <marc:datafield tag="856" ind1=" " ind2=" ">
         <marc:subfield code="u">http://dx.doi.org/10.1021/ac000873b</marc:subfield>
      </marc:datafield>
   </marc:record>