
   <marc:record>
      <marc:leader>     nam  22     uu 4500</marc:leader>
      <marc:controlfield tag="008">      |           ||||||||||||||||||||||</marc:controlfield>
      <marc:datafield tag="245" ind1="1" ind2="0">
         <marc:subfield code="a">Finite-difference Time-domain Studies of the Optical Properties of Nanoshell Dimers</marc:subfield>
      </marc:datafield>
      <marc:datafield tag="700" ind1="1" ind2=" ">
         <marc:subfield code="a">C. Oubre</marc:subfield>
         <marc:subfield code="e">author</marc:subfield>
         <marc:subfield code="u">Department of Physics and Department of Electrical and Computer Engineering, Rice Quantum Institute, M. S. 61, Rice University, Houston, Texas 77251-1892</marc:subfield>
      </marc:datafield>
      <marc:datafield tag="700" ind1="1" ind2=" ">
         <marc:subfield code="a">P. Nordlander</marc:subfield>
         <marc:subfield code="e">author</marc:subfield>
         <marc:subfield code="u">Department of Physics and Department of Electrical and Computer Engineering, Rice Quantum Institute, M. S. 61, Rice University, Houston, Texas 77251-1892</marc:subfield>
      </marc:datafield>
      
      <marc:datafield tag="655" ind1=" " ind2="7">
         <marc:subfield code="a">journal article</marc:subfield>
      </marc:datafield>
      <marc:datafield tag="655" ind1=" " ind2="7">
         <marc:subfield code="a">article</marc:subfield>
         <marc:subfield code="2">bibtex</marc:subfield>
      </marc:datafield>
      <marc:datafield tag="260" ind1=" " ind2=" "/>
      <marc:datafield tag="520" ind1=" " ind2=" ">
         <marc:subfield code="a">Abstract: The optical properties of metallic nanoshell dimers are investigated using the finite difference time domain (FDTD) method. We discuss issues of numerical convergence specific for the dimer system. We present results for both homodimers and heterodimers. The results show that retardation effects must be taken into account for an accurate description of realistic size nanoparticle dimers. The optical properties of the nanoshell dimer are found to be strongly polarization dependent. Maximal coupling between the nanoshells in a dimer occurs when the electric field of the incident pulse is aligned parallel to the dimer axis. The wavelengths of the peaks in the extinction cross section of the dimer are shown to vary by more than 100 nm, depending on the incident electric field polarization. The calculations show that electric field enhancements in the dimer junctions depend strongly on dimer separation. The maximum field enhancements occur in the dimer junction and at the expense of a reduced electric field enhancement in other regions of space. We investigate the usefulness of nanoshell dimers substrates for SERS by integrating the fourth power of the electric field enhancements around the surfaces of the nanoparticles as a function of dimer separation and wavelength. The SERS efficiency is shown to depend strongly on dimer separation but much weaker than the fourth power of the maximum electric field enhancement at a particular point. The SERS efficiency is also found to depend strongly on the wavelength of the incident light. Maximum SERS efficiency occurs for resonant excitation of the dimer plasmons.</marc:subfield>
      </marc:datafield>
      <marc:datafield tag="773" ind1="0" ind2=" ">
         <marc:subfield code="q">109:20&lt;10042</marc:subfield>
         <marc:subfield code="t">J. Phys. Chem. B</marc:subfield>
         <marc:subfield code="x">1520-6106</marc:subfield>
      </marc:datafield>
      
      <marc:datafield tag="856" ind1=" " ind2=" ">
         <marc:subfield code="u">10.1021/jp044382x</marc:subfield>
      </marc:datafield>
      <marc:datafield tag="856" ind1=" " ind2=" ">
         <marc:subfield code="u">http://dx.doi.org/10.1021/jp044382x</marc:subfield>
      </marc:datafield>
   </marc:record>