
   <marc:record>
      <marc:leader>     nam  22     uu 4500</marc:leader>
      <marc:controlfield tag="008">      |           ||||||||||||||||||||||</marc:controlfield>
      <marc:datafield tag="245" ind1="1" ind2="0">
         <marc:subfield code="a">Optical Properties of Metallodielectric Nanostructures Calculated Using the Finite Difference Time Domain Method</marc:subfield>
      </marc:datafield>
      <marc:datafield tag="700" ind1="1" ind2=" ">
         <marc:subfield code="a">Chris Oubre</marc:subfield>
         <marc:subfield code="e">author</marc:subfield>
      </marc:datafield>
      <marc:datafield tag="700" ind1="1" ind2=" ">
         <marc:subfield code="a">Peter Nordlander</marc:subfield>
         <marc:subfield code="e">author</marc:subfield>
      </marc:datafield>
      
      <marc:datafield tag="655" ind1=" " ind2="7">
         <marc:subfield code="a">journal article</marc:subfield>
      </marc:datafield>
      <marc:datafield tag="655" ind1=" " ind2="7">
         <marc:subfield code="a">article</marc:subfield>
         <marc:subfield code="2">bibtex</marc:subfield>
      </marc:datafield>
      <marc:datafield tag="260" ind1=" " ind2=" "/>
      <marc:datafield tag="520" ind1=" " ind2=" ">
         <marc:subfield code="a">The optical properties of metallodielectric nanostructures, variations of a core-shell geometry, are investigated using the finite difference time domain method. This method provides a convenient, systematic, and general approach for calculating the optical response of a nanostructure of arbitrary symmetry and geometry to an incident light wave. Properties such as the optical absorption and scattering cross sections as well as the local electromagnetic fields and induced charge densities at the surfaces of the nanostructures can be obtained by this method. Issues of convergence with grid size and other simulation parameters are discussed in detail. The method is applied to uniform single nanoshells, nanoshells with surface defects, and nanoshells with shape distortions from a spherical geometry. The results show that, while defects can significantly affect local surface field enhancements, far field properties such as optical absorption and scattering spectra can be remarkably insensitive to defects and distortions.</marc:subfield>
      </marc:datafield>
      <marc:datafield tag="773" ind1="0" ind2=" ">
         <marc:subfield code="q">108:46&lt;17740</marc:subfield>
         <marc:subfield code="t">J. Phys. Chem. B</marc:subfield>
      </marc:datafield>
      
      <marc:datafield tag="856" ind1=" " ind2=" ">
         <marc:subfield code="u">10.1021/jp0473164</marc:subfield>
      </marc:datafield>
      <marc:datafield tag="856" ind1=" " ind2=" ">
         <marc:subfield code="u">http://dx.doi.org/10.1021/jp0473164</marc:subfield>
      </marc:datafield>
   </marc:record>