
   <marc:record>
      <marc:leader>     nam  22     uu 4500</marc:leader>
      <marc:controlfield tag="008">      |           ||||||||||||||||||||||</marc:controlfield>
      <marc:datafield tag="245" ind1="1" ind2="0">
         <marc:subfield code="a">Alexa Dyes, a Series of New Fluorescent Dyes that Yield Exceptionally Bright, Photostable Conjugates</marc:subfield>
      </marc:datafield>
      <marc:datafield tag="700" ind1="1" ind2=" ">
         <marc:subfield code="a">Nataliya Panchuk-Voloshina</marc:subfield>
         <marc:subfield code="e">author</marc:subfield>
      </marc:datafield>
      <marc:datafield tag="700" ind1="1" ind2=" ">
         <marc:subfield code="a">Rosaria P. Haugland</marc:subfield>
         <marc:subfield code="e">author</marc:subfield>
      </marc:datafield>
      <marc:datafield tag="700" ind1="1" ind2=" ">
         <marc:subfield code="a">Janell Bishop-Stewart</marc:subfield>
         <marc:subfield code="e">author</marc:subfield>
      </marc:datafield>
      <marc:datafield tag="700" ind1="1" ind2=" ">
         <marc:subfield code="a">Mahesh K. Bhalgat</marc:subfield>
         <marc:subfield code="e">author</marc:subfield>
      </marc:datafield>
      <marc:datafield tag="700" ind1="1" ind2=" ">
         <marc:subfield code="a">Paul J. Millard</marc:subfield>
         <marc:subfield code="e">author</marc:subfield>
      </marc:datafield>
      <marc:datafield tag="700" ind1="1" ind2=" ">
         <marc:subfield code="a">Fei Mao</marc:subfield>
         <marc:subfield code="e">author</marc:subfield>
      </marc:datafield>
      <marc:datafield tag="700" ind1="1" ind2=" ">
         <marc:subfield code="a">Wai-Yee Leung</marc:subfield>
         <marc:subfield code="e">author</marc:subfield>
      </marc:datafield>
      <marc:datafield tag="700" ind1="1" ind2=" ">
         <marc:subfield code="a">Richard P. Haugland</marc:subfield>
         <marc:subfield code="e">author</marc:subfield>
      </marc:datafield>
      
      <marc:datafield tag="655" ind1=" " ind2="7">
         <marc:subfield code="a">journal article</marc:subfield>
      </marc:datafield>
      <marc:datafield tag="655" ind1=" " ind2="7">
         <marc:subfield code="a">article</marc:subfield>
         <marc:subfield code="2">bibtex</marc:subfield>
      </marc:datafield>
      <marc:datafield tag="260" ind1=" " ind2=" "/>
      <marc:datafield tag="520" ind1=" " ind2=" ">
         <marc:subfield code="a">Alexa 350, Alexa 430, Alexa 488, Alexa 532, Alexa 546, Alexa 568, and Alexa 594 dyes are a new series of fluorescent dyes with emission/excitation spectra similar to those of AMCA, Lucifer Yellow, fluorescein, rhodamine 6G, tetramethylrhodamine or Cy3, lissamine rhodamine B, and Texas Red, respectively (the numbers in the Alexa names indicate the approximate excitation wavelength maximum in nm). All Alexa dyes and their conjugates are more fluorescent and more photostable than their commonly used spectral analogues listed above. In addition, Alexa dyes are insensitive to pH in the 4-10 range. We evaluated Alexa dyes compared with conventional dyes in applications using various conjugates, including those of goat anti-mouse IgG (GAM), streptavidin, wheat germ agglutinin (WGA), and concanavalin A (ConA). Conjugates of Alexa 546 are at least twofold more fluo-rescent than Cy3 conjugates. Proteins labeled with the Alexa 568 or Alexa 594 dyes are several-fold brighter than the same proteins labeled with lissamine rhodamine B or Texas Red dyes, respectively. Alexa dye derivatives of phalloidin stain F-actin with high specificity. Hydrazide forms of the Alexa dyes are very bright, formaldehyde-fixable polar tracers. Conjugates of the Alexa 430 (ex 430 nm/em 520 nm) and Alexa 532 (ex 530 nm/em 548 nm) fluorochromes are spectrally unique fluorescent probes, with relatively high quantum yields in their excitation and emission wavelength ranges.</marc:subfield>
      </marc:datafield>
      <marc:datafield tag="650" ind1="1" ind2=" ">
         <marc:subfield code="a">dyes</marc:subfield>
         <marc:subfield code="x">fluorescent conjugates</marc:subfield>
         <marc:subfield code="x">photostability</marc:subfield>
         <marc:subfield code="x">immunofluorescence</marc:subfield>
         <marc:subfield code="x">flow cytometry</marc:subfield>
         <marc:subfield code="x">microscopy</marc:subfield>
      </marc:datafield>
      <marc:datafield tag="773" ind1="0" ind2=" ">
         <marc:subfield code="q">47:9&lt;1179</marc:subfield>
         <marc:subfield code="t">J. Histochem. Cytochem.</marc:subfield>
      </marc:datafield>
      
      <marc:datafield tag="856" ind1=" " ind2=" ">
         <marc:subfield code="u">http://www.jhc.org/cgi/content/abstract/47/9/1179</marc:subfield>
      </marc:datafield>
   </marc:record>