
   <marc:record>
      <marc:leader>     nam  22     uu 4500</marc:leader>
      <marc:controlfield tag="008">      |           ||||||||||||||||||||||</marc:controlfield>
      <marc:datafield tag="245" ind1="1" ind2="0">
         <marc:subfield code="a">Conformation of Oligonucleotides Attached to Gold Nanocrystals Probed by Gel Electrophoresis</marc:subfield>
      </marc:datafield>
      <marc:datafield tag="700" ind1="1" ind2=" ">
         <marc:subfield code="a">Wolfgang J. Parak</marc:subfield>
         <marc:subfield code="e">author</marc:subfield>
      </marc:datafield>
      <marc:datafield tag="700" ind1="1" ind2=" ">
         <marc:subfield code="a">Teresa Pellegrino</marc:subfield>
         <marc:subfield code="e">author</marc:subfield>
      </marc:datafield>
      <marc:datafield tag="700" ind1="1" ind2=" ">
         <marc:subfield code="a">Christine M. Micheel</marc:subfield>
         <marc:subfield code="e">author</marc:subfield>
      </marc:datafield>
      <marc:datafield tag="700" ind1="1" ind2=" ">
         <marc:subfield code="a">Daniele Gerion</marc:subfield>
         <marc:subfield code="e">author</marc:subfield>
      </marc:datafield>
      <marc:datafield tag="700" ind1="1" ind2=" ">
         <marc:subfield code="a">Shara C. Williams</marc:subfield>
         <marc:subfield code="e">author</marc:subfield>
      </marc:datafield>
      <marc:datafield tag="700" ind1="1" ind2=" ">
         <marc:subfield code="a">A. Paul Alivisatos</marc:subfield>
         <marc:subfield code="e">author</marc:subfield>
      </marc:datafield>
      
      <marc:datafield tag="655" ind1=" " ind2="7">
         <marc:subfield code="a">journal article</marc:subfield>
      </marc:datafield>
      <marc:datafield tag="655" ind1=" " ind2="7">
         <marc:subfield code="a">article</marc:subfield>
         <marc:subfield code="2">bibtex</marc:subfield>
      </marc:datafield>
      <marc:datafield tag="260" ind1=" " ind2=" "/>
      <marc:datafield tag="520" ind1=" " ind2=" ">
         <marc:subfield code="a">Thiol-modified single stranded oligonucleotides of different lengths (8 to 135 bases) were attached to the surface of 10 nm diameter {A}u nanocrystals with different {DNA}/{A}u ratios (1, 2, ..., saturation). {T}he electrophoretic mobility of these conjugates was determined on 2\% agarose gels, and the effective diameter of the {DNA}/{A}u conjugates was determined. {T}his diameter depends on the conformation of the oligonucleotides adsorbed on the {A}u surface. {F}or low surface coverage, nonspecific wrapping of the {DNA} around the nanoparticles was observed. {F}or high surface coverage, short oligonucleotides were shown to be oriented perpendicular to the surface and fully stretched. {F}or high surface coverage and long oligonucleotides, the inner part close to the {A}u surface was determined to be fully stretched and pointed perpendicular to the surface, whereas the outer part adopts random coil shape.</marc:subfield>
      </marc:datafield>
      <marc:datafield tag="773" ind1="0" ind2=" ">
         <marc:subfield code="q">3:1&lt;33</marc:subfield>
         <marc:subfield code="t">Nano Lett.</marc:subfield>
      </marc:datafield>
      
      <marc:datafield tag="856" ind1=" " ind2=" ">
         <marc:subfield code="u">10.1021/nl025888z</marc:subfield>
      </marc:datafield>
      <marc:datafield tag="856" ind1=" " ind2=" ">
         <marc:subfield code="u">http://dx.doi.org/10.1021/nl025888z</marc:subfield>
      </marc:datafield>
   </marc:record>