
   <marc:record>
      <marc:leader>     nam  22     uu 4500</marc:leader>
      <marc:controlfield tag="008">      |           ||||||||||||||||||||||</marc:controlfield>
      <marc:datafield tag="245" ind1="1" ind2="0">
         <marc:subfield code="a">Stretched exponential relaxation in molecular and electronic glasses</marc:subfield>
      </marc:datafield>
      <marc:datafield tag="700" ind1="1" ind2=" ">
         <marc:subfield code="a">J. C. Phillips</marc:subfield>
         <marc:subfield code="e">author</marc:subfield>
      </marc:datafield>
      
      <marc:datafield tag="655" ind1=" " ind2="7">
         <marc:subfield code="a">journal article</marc:subfield>
      </marc:datafield>
      <marc:datafield tag="655" ind1=" " ind2="7">
         <marc:subfield code="a">article</marc:subfield>
         <marc:subfield code="2">bibtex</marc:subfield>
      </marc:datafield>
      <marc:datafield tag="260" ind1=" " ind2=" "/>
      <marc:datafield tag="520" ind1=" " ind2=" ">
         <marc:subfield code="a">Stretched exponential relaxation, exp[?(t /tau)^beta], fits many relaxation processes in disordered and quenched electronic and molecular systems, but it is widely believed that this function has no microscopic basis, especially in the case of molecular relaxation. For electronic relaxation the appearance of the stretched exponential is often described in the context of dispersive transport, where beta iis treated as an adjustable parameter, but in almost all cases it is generally assumed that no microscopic meaning can be assigned to 0 &lt; beta(T) &lt; 1 even at T = Tg, a glass transition temperature. We show that for molecular relaxation beta(Tg) can be understood, providing that one separates extrinsic and intrinsic effects, and that the intrinsic effects are dominated by two magic numbers, beta_SR = 3/5 for short-range forces, and beta_K = 3/7 for long-range Coulomb forces, as originally observed by Kohlrausch for the decay of residual charge on a Leyden jar. Our mathematical model treats relaxation kinetics using the Lifshitz? Kac?Luttinger diffusion to traps depletion model in a configuration space of effective dimensionality, the latter being determined using axiomatic set theory and Phillips?Thorpe constraint theory. The experiments discussed include ns neutron scattering experiments, particularly those based on neutron spin echoes which measure S(Q, t) directly, and the traditional linear response measurements which span the range from µs to s, as collected and analysed phenomenologically by Angell, Ngai, B¨ohmer and others. The electronic materials discussed include a-Si:H, granular C60, semiconductor nanocrystallites, charge density waves in TaS3, spin glasses, and vortex glasses in high-temperature semiconductors. The molecular materials discussed include polymers, network glasses, electrolytes and alcohols, Van der Waals supercooled liquids and glasses, orientational glasses, water, fused salts, and heme proteins. In the intrinsic cases the theory of beta(Tg) is often accurate to 2%, which is often better than the quoted experimental accuracies  5%. The extrinsic cases are identified by explicit structural signatures which are discussed at length. The discussion also includes recent molecular dynamical simulations for metallic glasses, spin glasses, quasicrystals and polymers which have achieved the intermediate relaxed Kohlrausch state and which have obtained values of beta in excellent agreement with the prediction of the microscopic theory.</marc:subfield>
      </marc:datafield>
      <marc:datafield tag="773" ind1="0" ind2=" ">
         <marc:subfield code="q">59:9&lt;1133</marc:subfield>
         <marc:subfield code="t">Rep. Prog. Phys.</marc:subfield>
      </marc:datafield>
      
      <marc:datafield tag="856" ind1=" " ind2=" ">
         <marc:subfield code="u">10.1088/0034-4885/59/9/003</marc:subfield>
      </marc:datafield>
      <marc:datafield tag="856" ind1=" " ind2=" ">
         <marc:subfield code="u">http://stacks.iop.org/0034-4885/59/1133</marc:subfield>
      </marc:datafield>
      <marc:datafield tag="856" ind1=" " ind2=" ">
         <marc:subfield code="u">http://dx.doi.org/10.1088/0034-4885/59/9/003</marc:subfield>
      </marc:datafield>
   </marc:record>