
   <marc:record>
      <marc:leader>     nam  22     uu 4500</marc:leader>
      <marc:controlfield tag="008">      |           ||||||||||||||||||||||</marc:controlfield>
      <marc:datafield tag="245" ind1="1" ind2="0">
         <marc:subfield code="a">Nonradiative decay of excited molecules near a metal surface</marc:subfield>
      </marc:datafield>
      <marc:datafield tag="700" ind1="1" ind2=" ">
         <marc:subfield code="a">I. Pockrand</marc:subfield>
         <marc:subfield code="e">author</marc:subfield>
      </marc:datafield>
      <marc:datafield tag="700" ind1="1" ind2=" ">
         <marc:subfield code="a">A. Brillante</marc:subfield>
         <marc:subfield code="e">author</marc:subfield>
      </marc:datafield>
      <marc:datafield tag="700" ind1="1" ind2=" ">
         <marc:subfield code="a">D. Möbius</marc:subfield>
         <marc:subfield code="e">author</marc:subfield>
      </marc:datafield>
      
      <marc:datafield tag="655" ind1=" " ind2="7">
         <marc:subfield code="a">journal article</marc:subfield>
      </marc:datafield>
      <marc:datafield tag="655" ind1=" " ind2="7">
         <marc:subfield code="a">article</marc:subfield>
         <marc:subfield code="2">bibtex</marc:subfield>
      </marc:datafield>
      <marc:datafield tag="260" ind1=" " ind2=" "/>
      <marc:datafield tag="520" ind1=" " ind2=" ">
         <marc:subfield code="a">Nonradiative energy transfer from excited dye molecules near a metal surface to plasmon surface polaritons has been investigated experimentally. By using the Langmuir-Blodgett technique, the molecule-metal separation was varied and the coupling efficiency measured with the inverse attenuated-total-reflection technique. For an orientation of the transition dipole moment of the dye parallel to a silver surface and nonresonant interaction, maximum energy transfer to plasmon surface polaritons was observed for a molecule-silver spacing of about 18 nm. Reducing the spacing results in a monotonic decrease of the coupling efficiency: this decay channel becomes unimportant and eventually vanishes if the molecule is placed very close to the metal surface. The experimental results are discussed in connection with theoretical predictions and the surface-enhanced Raman scattering observed for some adsorbates at metal surfaces.</marc:subfield>
      </marc:datafield>
      <marc:datafield tag="773" ind1="0" ind2=" ">
         <marc:subfield code="q">69:3&lt;499</marc:subfield>
         <marc:subfield code="t">Chem. Phys. Lett.</marc:subfield>
      </marc:datafield>
      
      <marc:datafield tag="856" ind1=" " ind2=" ">
         <marc:subfield code="u">10.1016/0009-2614(80)85113-X</marc:subfield>
      </marc:datafield>
      <marc:datafield tag="856" ind1=" " ind2=" ">
         <marc:subfield code="u">http://dx.doi.org/10.1016/0009-2614(80)85113-X</marc:subfield>
      </marc:datafield>
   </marc:record>