
   <marc:record>
      <marc:leader>     nam  22     uu 4500</marc:leader>
      <marc:controlfield tag="008">      |           ||||||||||||||||||||||</marc:controlfield>
      <marc:datafield tag="245" ind1="1" ind2="0">
         <marc:subfield code="a">Giant Optical Responses in Microcavity-Fractal Composites</marc:subfield>
      </marc:datafield>
      <marc:datafield tag="700" ind1="1" ind2=" ">
         <marc:subfield code="a">V. A. Podolskiy</marc:subfield>
         <marc:subfield code="e">author</marc:subfield>
      </marc:datafield>
      <marc:datafield tag="700" ind1="1" ind2=" ">
         <marc:subfield code="a">V. M. Shalaev</marc:subfield>
         <marc:subfield code="e">author</marc:subfield>
      </marc:datafield>
      
      <marc:datafield tag="655" ind1=" " ind2="7">
         <marc:subfield code="a">journal article</marc:subfield>
      </marc:datafield>
      <marc:datafield tag="655" ind1=" " ind2="7">
         <marc:subfield code="a">article</marc:subfield>
         <marc:subfield code="2">bibtex</marc:subfield>
      </marc:datafield>
      <marc:datafield tag="260" ind1=" " ind2=" "/>
      <marc:datafield tag="520" ind1=" " ind2=" ">
         <marc:subfield code="a">Optical properties of fractal nanostructured composite materials are considered. The fractal geom- etry results in localization of plasmon excitations in the ?hot? spots, where the local field can exceed the applied field by several orders of magnitude. The high local fields of the localized fractal modes result in dramatic enhancement of optical responses, making feasible the surface-enhanced nonlinear spectroscopy of single mol- ecules and nanocrystals. The field enhancement becomes especially large when fractals are placed inside a microcavity. A theory for the enhanced Raman and hyper-Raman surface-enhanced scattering in microcavity? fractal composites is developed.</marc:subfield>
      </marc:datafield>
      <marc:datafield tag="773" ind1="0" ind2=" ">
         <marc:subfield code="q">11:1&lt;26</marc:subfield>
         <marc:subfield code="t">Laser Phys.</marc:subfield>
      </marc:datafield>
      
   </marc:record>