
   <marc:record>
      <marc:leader>     nam  22     uu 4500</marc:leader>
      <marc:controlfield tag="008">      |           ||||||||||||||||||||||</marc:controlfield>
      <marc:datafield tag="245" ind1="1" ind2="0">
         <marc:subfield code="a">Absorption spectrum (380 -700 nm) of pure water. II. Integrating cavity measurements</marc:subfield>
      </marc:datafield>
      <marc:datafield tag="700" ind1="1" ind2=" ">
         <marc:subfield code="a">Robin M. Pope</marc:subfield>
         <marc:subfield code="e">author</marc:subfield>
      </marc:datafield>
      <marc:datafield tag="700" ind1="1" ind2=" ">
         <marc:subfield code="a">Edward S. Fry</marc:subfield>
         <marc:subfield code="e">author</marc:subfield>
      </marc:datafield>
      
      <marc:datafield tag="655" ind1=" " ind2="7">
         <marc:subfield code="a">journal article</marc:subfield>
      </marc:datafield>
      <marc:datafield tag="655" ind1=" " ind2="7">
         <marc:subfield code="a">article</marc:subfield>
         <marc:subfield code="2">bibtex</marc:subfield>
      </marc:datafield>
      <marc:datafield tag="260" ind1=" " ind2=" "/>
      <marc:datafield tag="520" ind1=" " ind2=" ">
         <marc:subfield code="a">Definitive data on the absorption spectrum of pure water from 380 to 700 nm have been obtained with an integrating cavity technique. The results are in good agreement with those recently obtained by our group with a completely independent photothermal technique. As before, we find that the absorption in the blue is significantly lower than had previously been generally believed and that the absorption minimum is at a significantly shorter wavelength, i.e., 0.0044 -/+ 0.0006 m-1 at 418 nm. Several spectroscopic features have been identified in the visible spectrum to our knowledge for the first time.</marc:subfield>
      </marc:datafield>
      <marc:datafield tag="773" ind1="0" ind2=" ">
         <marc:subfield code="q">36:33&lt;8710</marc:subfield>
         <marc:subfield code="t">Appl. Opt. LPEO</marc:subfield>
      </marc:datafield>
      
      <marc:datafield tag="856" ind1=" " ind2=" ">
         <marc:subfield code="u">http://aolp.osa.org/abstract.cfm?id=63107</marc:subfield>
      </marc:datafield>
   </marc:record>