
   <marc:record>
      <marc:leader>     nam  22     uu 4500</marc:leader>
      <marc:controlfield tag="008">      |           ||||||||||||||||||||||</marc:controlfield>
      <marc:datafield tag="245" ind1="1" ind2="0">
         <marc:subfield code="a">Combined fluorescent and gold immunoprobes: Reagents and methods for correlative light and electron microscopy</marc:subfield>
      </marc:datafield>
      <marc:datafield tag="700" ind1="1" ind2=" ">
         <marc:subfield code="a">Richard D. Powell</marc:subfield>
         <marc:subfield code="e">author</marc:subfield>
      </marc:datafield>
      <marc:datafield tag="700" ind1="1" ind2=" ">
         <marc:subfield code="a">Carol M. R. Halsey</marc:subfield>
         <marc:subfield code="e">author</marc:subfield>
      </marc:datafield>
      <marc:datafield tag="700" ind1="1" ind2=" ">
         <marc:subfield code="a">James F. Hainfeld</marc:subfield>
         <marc:subfield code="e">author</marc:subfield>
      </marc:datafield>
      
      <marc:datafield tag="655" ind1=" " ind2="7">
         <marc:subfield code="a">journal article</marc:subfield>
      </marc:datafield>
      <marc:datafield tag="655" ind1=" " ind2="7">
         <marc:subfield code="a">article</marc:subfield>
         <marc:subfield code="2">bibtex</marc:subfield>
      </marc:datafield>
      <marc:datafield tag="260" ind1=" " ind2=" "/>
      <marc:datafield tag="520" ind1=" " ind2=" ">
         <marc:subfield code="a">Immunoprobes which incorporate both a fluorescent label and a 1.4 nm gold cluster compound were prepared by covalent conjugation to Fab antibody fragments of the Nanogold cluster label followed by a fluorescent moiety. These new immunoconjugates allow the collection of two complementary sets of data, from fluorescence and electron microscopy, from a single labeling experiment. By using Fab fragments, the entire probe is smaller than a whole IgG molecule. A simple fluorescence assay was used to investigate the fluorescence properties of the new probes. They were used to localize the pre-mRNA splicing factor SC35 in the HeLa cell nucleus by both fluorescence and electron microscopy, and also for labeling leukocyte microtubules; labeling was imaged using fluorescence microscopy and, after silver enhancement, by a variety of optical methods and by electron microscopy. Combined Nanogold and Texas Red, Cy3, Lissamine Rhodamine B, and AMCA probes were also prepared, and in preliminary experiments show similar properties to the combined fluorescein and gold cluster probes. The fluorescent and gold cluster probes enable a new degree of correlation between fluorescence and electron microscopy, and may also be used to check labeling of specimens before processing for electron microscopy.</marc:subfield>
      </marc:datafield>
      <marc:datafield tag="650" ind1="1" ind2=" ">
         <marc:subfield code="a">immunogold</marc:subfield>
         <marc:subfield code="x">electron microscopy</marc:subfield>
         <marc:subfield code="x">immunofluorescence</marc:subfield>
         <marc:subfield code="x">immunoprobe</marc:subfield>
         <marc:subfield code="x">antibody</marc:subfield>
         <marc:subfield code="x">cluster</marc:subfield>
         <marc:subfield code="x">fluorescence microscopy</marc:subfield>
         <marc:subfield code="x">nucleus</marc:subfield>
      </marc:datafield>
      <marc:datafield tag="773" ind1="0" ind2=" ">
         <marc:subfield code="q">42:1&lt;2</marc:subfield>
         <marc:subfield code="t">Microsc. Res. Tech.</marc:subfield>
      </marc:datafield>
      
      <marc:datafield tag="856" ind1=" " ind2=" ">
         <marc:subfield code="u">http://www3.interscience.wiley.com/cgi-bin/abstract/38634/ABSTRACT</marc:subfield>
      </marc:datafield>
   </marc:record>