
   <marc:record>
      <marc:leader>     nam  22     uu 4500</marc:leader>
      <marc:controlfield tag="008">      |           ||||||||||||||||||||||</marc:controlfield>
      <marc:datafield tag="245" ind1="1" ind2="0">
         <marc:subfield code="a">A Covalent Fluorescent-Gold Immunoprobe: Simultaneous Detection of a Pre-mRNA Splicing Factor by Light and Electron Microscopy</marc:subfield>
      </marc:datafield>
      <marc:datafield tag="700" ind1="1" ind2=" ">
         <marc:subfield code="a">Richard D. Powell</marc:subfield>
         <marc:subfield code="e">author</marc:subfield>
      </marc:datafield>
      <marc:datafield tag="700" ind1="1" ind2=" ">
         <marc:subfield code="a">Carol M. R. Halsey</marc:subfield>
         <marc:subfield code="e">author</marc:subfield>
      </marc:datafield>
      <marc:datafield tag="700" ind1="1" ind2=" ">
         <marc:subfield code="a">David L. Spector</marc:subfield>
         <marc:subfield code="e">author</marc:subfield>
      </marc:datafield>
      <marc:datafield tag="700" ind1="1" ind2=" ">
         <marc:subfield code="a">Shelley L. Kaurin</marc:subfield>
         <marc:subfield code="e">author</marc:subfield>
      </marc:datafield>
      <marc:datafield tag="700" ind1="1" ind2=" ">
         <marc:subfield code="a">Jennifer McCann</marc:subfield>
         <marc:subfield code="e">author</marc:subfield>
      </marc:datafield>
      <marc:datafield tag="700" ind1="1" ind2=" ">
         <marc:subfield code="a">James F. Hainfeld</marc:subfield>
         <marc:subfield code="e">author</marc:subfield>
      </marc:datafield>
      
      <marc:datafield tag="655" ind1=" " ind2="7">
         <marc:subfield code="a">journal article</marc:subfield>
      </marc:datafield>
      <marc:datafield tag="655" ind1=" " ind2="7">
         <marc:subfield code="a">article</marc:subfield>
         <marc:subfield code="2">bibtex</marc:subfield>
      </marc:datafield>
      <marc:datafield tag="260" ind1=" " ind2=" "/>
      <marc:datafield tag="520" ind1=" " ind2=" ">
         <marc:subfield code="a">Immunoprobes that combine a fluorescent label with a 1.4-nm gold cluster compound have been prepared by covalent conjugation with polyclonal antibody Fab' fragments. These new immunoconjugates allow the collection of two complementary sets of data, from fluorescence and electron microscopy, from a single labeling experiment. We find that incorporation of one or more fluorescein moieties into the coordinated ligands of the 1.4-nm Nanogold gold cluster label yields a stable, dual-function immunolabel in which fluorescence quenching is negligible. In a second synthetic strategy, Nanogold and fluorescein were separately covalently conjugated to Fab' fragments to yield a probe with very similar properties. With the use of Fab' fragments, the entire probe is smaller than a whole IgG molecule, and it exhibited excellent penetration properties. It was used to localize the pre-mRNA splicing factor SC35 in the HeLa cell nucleus by both fluorescence and electron microscopy.</marc:subfield>
      </marc:datafield>
      <marc:datafield tag="650" ind1="1" ind2=" ">
         <marc:subfield code="a">immunogold</marc:subfield>
         <marc:subfield code="x">immunofluorescence antibody</marc:subfield>
         <marc:subfield code="x">fluorescence microscopy</marc:subfield>
         <marc:subfield code="x">electron microscopy</marc:subfield>
         <marc:subfield code="x">immunoprobe</marc:subfield>
         <marc:subfield code="x">cluster</marc:subfield>
         <marc:subfield code="x">nucleus</marc:subfield>
      </marc:datafield>
      <marc:datafield tag="773" ind1="0" ind2=" ">
         <marc:subfield code="q">45:7&lt;947</marc:subfield>
         <marc:subfield code="t">J. Histochem. Cytochem.</marc:subfield>
      </marc:datafield>
      
      <marc:datafield tag="856" ind1=" " ind2=" ">
         <marc:subfield code="u">http://www.jhc.org/cgi/content/abstract/45/7/947</marc:subfield>
      </marc:datafield>
   </marc:record>