
   <marc:record>
      <marc:leader>     nam  22     uu 4500</marc:leader>
      <marc:controlfield tag="008">      |           ||||||||||||||||||||||</marc:controlfield>
      <marc:datafield tag="245" ind1="1" ind2="0">
         <marc:subfield code="a">SERS from molecules adsorbed on small Ag nanoparticles: A microscopic model</marc:subfield>
      </marc:datafield>
      <marc:datafield tag="700" ind1="1" ind2=" ">
         <marc:subfield code="a">Vitaliy N. Pustovit</marc:subfield>
         <marc:subfield code="e">author</marc:subfield>
      </marc:datafield>
      <marc:datafield tag="700" ind1="1" ind2=" ">
         <marc:subfield code="a">Tigran V. Shahbazyan</marc:subfield>
         <marc:subfield code="e">author</marc:subfield>
      </marc:datafield>
      
      <marc:datafield tag="655" ind1=" " ind2="7">
         <marc:subfield code="a">journal article</marc:subfield>
      </marc:datafield>
      <marc:datafield tag="655" ind1=" " ind2="7">
         <marc:subfield code="a">article</marc:subfield>
         <marc:subfield code="2">bibtex</marc:subfield>
      </marc:datafield>
      <marc:datafield tag="260" ind1=" " ind2=" "/>
      <marc:datafield tag="520" ind1=" " ind2=" ">
         <marc:subfield code="a">A microscopic approach to surface-enhanced Raman scattering (SERS) from molecules adsorbed on noble-metal nanoparticles is developed. For nanoparticle sizes smaller than 10 nm, the classical electromagnetic enhancement mechanism is modified by quantum-size effects. Using time-dependent local field approximation, we perform systematic analysis of SERS in nanometer-sized Ag nanoparticles. We find that, in small nanoparticles, Raman cross-section enhancement is governed by the interplay between Landau damping of the surface plasmon and interband screening in the nanoparticle surface layer.</marc:subfield>
      </marc:datafield>
      <marc:datafield tag="773" ind1="0" ind2=" ">
         <marc:subfield code="q">420:4-6&lt;469</marc:subfield>
         <marc:subfield code="t">Chem. Phys. Lett.</marc:subfield>
      </marc:datafield>
      
      <marc:datafield tag="856" ind1=" " ind2=" ">
         <marc:subfield code="u">10.1016/j.cplett.2005.12.082</marc:subfield>
      </marc:datafield>
      <marc:datafield tag="856" ind1=" " ind2=" ">
         <marc:subfield code="u">http://www.sciencedirect.com/science/article/B6TFN-4J5T61Y-2/2/a5a567f08503621d62079854382b528a</marc:subfield>
      </marc:datafield>
      <marc:datafield tag="856" ind1=" " ind2=" ">
         <marc:subfield code="u">http://dx.doi.org/10.1016/j.cplett.2005.12.082</marc:subfield>
      </marc:datafield>
   </marc:record>