
   <marc:record>
      <marc:leader>     nam  22     uu 4500</marc:leader>
      <marc:controlfield tag="008">      |           ||||||||||||||||||||||</marc:controlfield>
      <marc:datafield tag="245" ind1="1" ind2="0">
         <marc:subfield code="a">Characterization and crystallization of core streptavidin</marc:subfield>
      </marc:datafield>
      <marc:datafield tag="700" ind1="1" ind2=" ">
         <marc:subfield code="a">Arno Pähler</marc:subfield>
         <marc:subfield code="e">author</marc:subfield>
      </marc:datafield>
      <marc:datafield tag="700" ind1="1" ind2=" ">
         <marc:subfield code="a">Wayne A. Hendrickson</marc:subfield>
         <marc:subfield code="e">author</marc:subfield>
      </marc:datafield>
      <marc:datafield tag="700" ind1="1" ind2=" ">
         <marc:subfield code="a">Mary Ann Gawinowicz Kolks</marc:subfield>
         <marc:subfield code="e">author</marc:subfield>
      </marc:datafield>
      <marc:datafield tag="700" ind1="1" ind2=" ">
         <marc:subfield code="a">Carlos E. Argaraña</marc:subfield>
         <marc:subfield code="e">author</marc:subfield>
      </marc:datafield>
      <marc:datafield tag="700" ind1="1" ind2=" ">
         <marc:subfield code="a">Charles R. Cantor</marc:subfield>
         <marc:subfield code="e">author</marc:subfield>
      </marc:datafield>
      
      <marc:datafield tag="655" ind1=" " ind2="7">
         <marc:subfield code="a">journal article</marc:subfield>
      </marc:datafield>
      <marc:datafield tag="655" ind1=" " ind2="7">
         <marc:subfield code="a">article</marc:subfield>
         <marc:subfield code="2">bibtex</marc:subfield>
      </marc:datafield>
      <marc:datafield tag="260" ind1=" " ind2=" "/>
      <marc:datafield tag="520" ind1=" " ind2=" ">
         <marc:subfield code="a">We have characterized a streptavidin product that had been reduced to a minimal size that still retained full biotin-binding activity. This core streptavidin is proteolyzed at both ends at points that correspond closely with the termini of hen egg white avidin. Core streptavidin is more soluble than is the parent molecule. We have grown three different types of crystals of core streptavidin. The symmetry properties of these crystals prove that the molecule is a tetramer organized in tetrahedral (D2) point symmetry. The crystallographic response to the interaction of biotin with core streptavidin indicates that some conformational change accompanies ligand binding. We are attempting to determine the three-dimensional structure of streptavidin and its complex with selenobiotin from these crystals of core streptavidin.</marc:subfield>
      </marc:datafield>
      <marc:datafield tag="773" ind1="0" ind2=" ">
         <marc:subfield code="q">262:29&lt;13933</marc:subfield>
         <marc:subfield code="t">J. Biol. Chem.</marc:subfield>
      </marc:datafield>
      
      <marc:datafield tag="856" ind1=" " ind2=" ">
         <marc:subfield code="u">http://www.jbc.org/cgi/content/abstract/262/29/13933</marc:subfield>
      </marc:datafield>
   </marc:record>