
   <marc:record>
      <marc:leader>     nam  22     uu 4500</marc:leader>
      <marc:controlfield tag="008">      |           ||||||||||||||||||||||</marc:controlfield>
      <marc:datafield tag="245" ind1="1" ind2="0">
         <marc:subfield code="a">Silica gels with tailored, gold nanorod-driven optical functionalities</marc:subfield>
      </marc:datafield>
      <marc:datafield tag="700" ind1="1" ind2=" ">
         <marc:subfield code="a">Jorge Pérez-Juste</marc:subfield>
         <marc:subfield code="e">author</marc:subfield>
      </marc:datafield>
      <marc:datafield tag="700" ind1="1" ind2=" ">
         <marc:subfield code="a">Miguel A. Correa-Duarte</marc:subfield>
         <marc:subfield code="e">author</marc:subfield>
      </marc:datafield>
      <marc:datafield tag="700" ind1="1" ind2=" ">
         <marc:subfield code="a">Luis M. Liz-Marzán</marc:subfield>
         <marc:subfield code="e">author</marc:subfield>
      </marc:datafield>
      
      <marc:datafield tag="655" ind1=" " ind2="7">
         <marc:subfield code="a">journal article</marc:subfield>
      </marc:datafield>
      <marc:datafield tag="655" ind1=" " ind2="7">
         <marc:subfield code="a">article</marc:subfield>
         <marc:subfield code="2">bibtex</marc:subfield>
      </marc:datafield>
      <marc:datafield tag="260" ind1=" " ind2=" "/>
      <marc:datafield tag="520" ind1=" " ind2=" ">
         <marc:subfield code="a">The incorporation of metal nanoparticles with various size and shapes provides silica gels with optical functionalities arising from the characteristic optical properties of the starting nanoparticle dispersions. The uniform distribution of the preformed nanoparticles and their mutual separation within the gels are key factors to maintain single-particle properties. These requirements are achieved by coating the nanoparticles with thin silica shells, which greatly enhance their stability and ensure separation between metal nanoparticle cores. The great advantage of this procedure is its ability to use nanoparticles with tailored shapes and thus to expand the possible functionalities to be implemented. We show the incorporation of gold nanorods with varying aspect ratio, which allows to have well-defined absorption bands even in the near infrared.</marc:subfield>
      </marc:datafield>
      <marc:datafield tag="650" ind1="1" ind2=" ">
         <marc:subfield code="a">Nano-materials</marc:subfield>
         <marc:subfield code="x">Silica gels</marc:subfield>
         <marc:subfield code="x">Gold nanorods</marc:subfield>
         <marc:subfield code="x">Optical properties</marc:subfield>
      </marc:datafield>
      <marc:datafield tag="773" ind1="0" ind2=" ">
         <marc:subfield code="q">226:1-3&lt;137</marc:subfield>
         <marc:subfield code="t">Appl. Surf. Sci.</marc:subfield>
      </marc:datafield>
      
      <marc:datafield tag="856" ind1=" " ind2=" ">
         <marc:subfield code="u">10.1016/j.apsusc.2003.11.013</marc:subfield>
      </marc:datafield>
      <marc:datafield tag="856" ind1=" " ind2=" ">
         <marc:subfield code="u">http://dx.doi.org/10.1016/j.apsusc.2003.11.013</marc:subfield>
      </marc:datafield>
   </marc:record>