
   <marc:record>
      <marc:leader>     nam  22     uu 4500</marc:leader>
      <marc:controlfield tag="008">      |           ||||||||||||||||||||||</marc:controlfield>
      <marc:datafield tag="245" ind1="1" ind2="0">
         <marc:subfield code="a">Absorption and elastic scattering of light by particle aggregates</marc:subfield>
      </marc:datafield>
      <marc:datafield tag="700" ind1="1" ind2=" ">
         <marc:subfield code="a">Michael Quinten</marc:subfield>
         <marc:subfield code="e">author</marc:subfield>
      </marc:datafield>
      <marc:datafield tag="700" ind1="1" ind2=" ">
         <marc:subfield code="a">Uwe Kreibig</marc:subfield>
         <marc:subfield code="e">author</marc:subfield>
      </marc:datafield>
      
      <marc:datafield tag="655" ind1=" " ind2="7">
         <marc:subfield code="a">journal article</marc:subfield>
      </marc:datafield>
      <marc:datafield tag="655" ind1=" " ind2="7">
         <marc:subfield code="a">article</marc:subfield>
         <marc:subfield code="2">bibtex</marc:subfield>
      </marc:datafield>
      <marc:datafield tag="260" ind1=" " ind2=" "/>
      <marc:datafield tag="520" ind1=" " ind2=" ">
         <marc:subfield code="a">Light scattering and absorption by spherical particles is extended to aggregates of spheres with arbitrary shape and size. We applied the theory of Gérardy and Ausloos [Phys. Rev. B 25, 4204-4229 (1082)] tocompute the total extinction loss spectra of several aggregates of nanometer-sized silver spheres from thenear IR to the near UV. Silver was best suited to provide quantitative comparison with experiments concerning the scattering and absorption in the visible spectral region. Additional resonant extinction was obtained besides the resonant extinction of the single silver sphere. The spectra were discussed in detail to give general results that are independent of the particle material.</marc:subfield>
      </marc:datafield>
      <marc:datafield tag="773" ind1="0" ind2=" ">
         <marc:subfield code="q">32:30&lt;6173</marc:subfield>
         <marc:subfield code="t">Appl. Opt.</marc:subfield>
      </marc:datafield>
      
      <marc:datafield tag="856" ind1=" " ind2=" ">
         <marc:subfield code="u">http://www.opticsinfobase.org/abstract.cfm?URI=ao-32-30-6173</marc:subfield>
      </marc:datafield>
   </marc:record>