
   <marc:record>
      <marc:leader>     nam  22     uu 4500</marc:leader>
      <marc:controlfield tag="008">      |           ||||||||||||||||||||||</marc:controlfield>
      <marc:datafield tag="245" ind1="1" ind2="0">
         <marc:subfield code="a">Optical properties of aggregates of small metal particles</marc:subfield>
      </marc:datafield>
      <marc:datafield tag="700" ind1="1" ind2=" ">
         <marc:subfield code="a">M. Quinten</marc:subfield>
         <marc:subfield code="e">author</marc:subfield>
      </marc:datafield>
      <marc:datafield tag="700" ind1="1" ind2=" ">
         <marc:subfield code="a">U. Kreibig</marc:subfield>
         <marc:subfield code="e">author</marc:subfield>
      </marc:datafield>
      
      <marc:datafield tag="655" ind1=" " ind2="7">
         <marc:subfield code="a">journal article</marc:subfield>
      </marc:datafield>
      <marc:datafield tag="655" ind1=" " ind2="7">
         <marc:subfield code="a">article</marc:subfield>
         <marc:subfield code="2">bibtex</marc:subfield>
      </marc:datafield>
      <marc:datafield tag="260" ind1=" " ind2=" "/>
      <marc:datafield tag="520" ind1=" " ind2=" ">
         <marc:subfield code="a">Many-particle systems exhibit unique optical properties which strongly depend on the arrangement of the individual particles in the sample. Novel methods were applied to produce gold particle samples with their arrangements systematically varying from statistical disorder to densely packed particle aggregates of various mean sizes and shapes. Their optical extinction spectra vary from narrow bands in the VIS to broad multiple band structures extending into the IR, the peak structure proving to be more pronounced if the particles are larger. Numerical calculations of explicit extinction spectra were performed on corresponding prototypic particle aggregates taking both interior and exterior retardation effects into account. In special, for aggregates of 2 to 5 particles, respectively, definite attachments of measured extinction peaks to special aggregate types were achieved from these calculations and confirmed by TEM micrographs of the investigated samples.</marc:subfield>
      </marc:datafield>
      <marc:datafield tag="773" ind1="0" ind2=" ">
         <marc:subfield code="q">172:3&lt;557</marc:subfield>
         <marc:subfield code="t">Surf. Sci.</marc:subfield>
      </marc:datafield>
      
      <marc:datafield tag="856" ind1=" " ind2=" ">
         <marc:subfield code="u">10.1016/0039-6028(86)90501-7</marc:subfield>
      </marc:datafield>
      <marc:datafield tag="856" ind1=" " ind2=" ">
         <marc:subfield code="u">http://www.sciencedirect.com/science/article/B6TVX-46VKVH1-1B/2/27d9564bd743ffd938dd4b172ce360dc</marc:subfield>
      </marc:datafield>
      <marc:datafield tag="856" ind1=" " ind2=" ">
         <marc:subfield code="u">http://dx.doi.org/10.1016/0039-6028(86)90501-7</marc:subfield>
      </marc:datafield>
   </marc:record>