
   <marc:record>
      <marc:leader>     nam  22     uu 4500</marc:leader>
      <marc:controlfield tag="008">      |           ||||||||||||||||||||||</marc:controlfield>
      <marc:datafield tag="245" ind1="1" ind2="0">
         <marc:subfield code="a">Electrophoresis gel media: the state of the art</marc:subfield>
      </marc:datafield>
      <marc:datafield tag="700" ind1="1" ind2=" ">
         <marc:subfield code="a">Pier Giorgio Righetti</marc:subfield>
         <marc:subfield code="e">author</marc:subfield>
      </marc:datafield>
      <marc:datafield tag="700" ind1="1" ind2=" ">
         <marc:subfield code="a">Cecilia Gelfi</marc:subfield>
         <marc:subfield code="e">author</marc:subfield>
      </marc:datafield>
      
      <marc:datafield tag="655" ind1=" " ind2="7">
         <marc:subfield code="a">journal article</marc:subfield>
      </marc:datafield>
      <marc:datafield tag="655" ind1=" " ind2="7">
         <marc:subfield code="a">article</marc:subfield>
         <marc:subfield code="2">bibtex</marc:subfield>
      </marc:datafield>
      <marc:datafield tag="260" ind1=" " ind2=" "/>
      <marc:datafield tag="520" ind1=" " ind2=" ">
         <marc:subfield code="a">Some unique events have occurred in the last few years which might revolutionize the field of polyacrylamide gel electrophoresis. While it was widely recognized that such matrices could normally be cast with a small pore size distribution, typically of the order of a few nanometers diameter (for protein sieving), recent developments suggest that "macroporous" gels could also be produced in the domain of polyacrylamides. If constraints to chain motion are imposed during gel polymerization, large-pore structures can be grown. Such constraints can originate either from low temperatures or from the presence of preformed polymers in the gelling solution; in both cases, the growing chains are forced to "laterally aggregate" via inter-chain hydrogen bond formation. Upon consumption of pendant double bonds, such bundles are frozen in the three-dimensional space by permanent cross-links. As an additional development, a novel photopolymerization system is described, comprising a cationic dye (methylene blue) and a redox couple (sodium toluene sulfinate, a reducer, and diphenyliodonium chloride, a mild oxidizer). Methylene blue catalysis is characterized by a unique efficiency, ensuring&gt;96% conversion of monomers, even in hydro-organic solvents and in the presence of surfactants, which normally quench or completely inhibit the persulphate-driven reaction. In addition, methylene blue-sustained photopolymerization can be operated in the entire pH 3-10 interval, where most other systems fail. Perhaps the most striking novelty in the field is the appearance of a novel monomer (N-acryloylaminopropanol, AAP) coupling a high hydrophilicity with a unique resistance to alkaline hydrolysis. Given the fact that a poly(AAP) matrix is 500 times more stable than a poly(acrylamide) gel, while being twice as hydrophilic, it is anticipated that this novel chemistry will have no difficulties in replacing the old electrophoretic anticonvective media. The review ends with a glimpse at novel sieving media in capillary zone electrophoresis: polymer networks. Such media, by providing an almost infinite range of pore sizes, due to the absence of a rigid support, allow sieving mechanisms to be operative over a wide interval of particle sizes, even up to genomic DNA. Viscous solutions of polymer networks, made with the novel poly(AAP) chemistry, allow repeated use of the same separation column, well above 50 injections. Silica-bound poly(AAP) chains provide effective quenching of electrosmosis and&gt;200 analyses by isoelectric focusing.</marc:subfield>
      </marc:datafield>
      <marc:datafield tag="650" ind1="1" ind2=" ">
         <marc:subfield code="a">Reviews</marc:subfield>
         <marc:subfield code="x">Gel media</marc:subfield>
         <marc:subfield code="x">N-Acryloylaminoethoxyethanol</marc:subfield>
         <marc:subfield code="x">N-Acryloylaminopropanol</marc:subfield>
      </marc:datafield>
      <marc:datafield tag="773" ind1="0" ind2=" ">
         <marc:subfield code="q">699:1-2&lt;63</marc:subfield>
         <marc:subfield code="t">J. Chromatogr. B</marc:subfield>
      </marc:datafield>
      
      <marc:datafield tag="856" ind1=" " ind2=" ">
         <marc:subfield code="u">10.1016/S0378-4347(96)00207-1</marc:subfield>
      </marc:datafield>
      <marc:datafield tag="856" ind1=" " ind2=" ">
         <marc:subfield code="u">http://dx.doi.org/10.1016/S0378-4347(96)00207-1</marc:subfield>
      </marc:datafield>
   </marc:record>