
   <marc:record>
      <marc:leader>     nam  22     uu 4500</marc:leader>
      <marc:controlfield tag="008">      |           ||||||||||||||||||||||</marc:controlfield>
      <marc:datafield tag="245" ind1="1" ind2="0">
         <marc:subfield code="a">Moving Nanoparticles with Raman Scattering</marc:subfield>
      </marc:datafield>
      <marc:datafield tag="700" ind1="1" ind2=" ">
         <marc:subfield code="a">M. Ringler</marc:subfield>
         <marc:subfield code="e">author</marc:subfield>
         <marc:subfield code="u">Photonics and Optoelectronics Group, Physics Department and CeNS, Ludwig-Maximilians-Universität München, Amalienstrasse 54, 80799 Munich, Germany, Roche Diagnostics GmbH, Nonnenwald 2, 82372 Penzberg, Germany, and Cavendish Laboratory, University of Cambridge, J J Thomson Avenue, Cambridge CB3 0HE, United Kingdom</marc:subfield>
      </marc:datafield>
      <marc:datafield tag="700" ind1="1" ind2=" ">
         <marc:subfield code="a">T. A. Klar</marc:subfield>
         <marc:subfield code="e">author</marc:subfield>
         <marc:subfield code="u">Photonics and Optoelectronics Group, Physics Department and CeNS, Ludwig-Maximilians-Universität München, Amalienstrasse 54, 80799 Munich, Germany, Roche Diagnostics GmbH, Nonnenwald 2, 82372 Penzberg, Germany, and Cavendish Laboratory, University of Cambridge, J J Thomson Avenue, Cambridge CB3 0HE, United Kingdom</marc:subfield>
      </marc:datafield>
      <marc:datafield tag="700" ind1="1" ind2=" ">
         <marc:subfield code="a">A. Schwemer</marc:subfield>
         <marc:subfield code="e">author</marc:subfield>
         <marc:subfield code="u">Photonics and Optoelectronics Group, Physics Department and CeNS, Ludwig-Maximilians-Universität München, Amalienstrasse 54, 80799 Munich, Germany, Roche Diagnostics GmbH, Nonnenwald 2, 82372 Penzberg, Germany, and Cavendish Laboratory, University of Cambridge, J J Thomson Avenue, Cambridge CB3 0HE, United Kingdom</marc:subfield>
      </marc:datafield>
      <marc:datafield tag="700" ind1="1" ind2=" ">
         <marc:subfield code="a">A. S. Susha</marc:subfield>
         <marc:subfield code="e">author</marc:subfield>
         <marc:subfield code="u">Photonics and Optoelectronics Group, Physics Department and CeNS, Ludwig-Maximilians-Universität München, Amalienstrasse 54, 80799 Munich, Germany, Roche Diagnostics GmbH, Nonnenwald 2, 82372 Penzberg, Germany, and Cavendish Laboratory, University of Cambridge, J J Thomson Avenue, Cambridge CB3 0HE, United Kingdom</marc:subfield>
      </marc:datafield>
      <marc:datafield tag="700" ind1="1" ind2=" ">
         <marc:subfield code="a">J. Stehr</marc:subfield>
         <marc:subfield code="e">author</marc:subfield>
         <marc:subfield code="u">Photonics and Optoelectronics Group, Physics Department and CeNS, Ludwig-Maximilians-Universität München, Amalienstrasse 54, 80799 Munich, Germany, Roche Diagnostics GmbH, Nonnenwald 2, 82372 Penzberg, Germany, and Cavendish Laboratory, University of Cambridge, J J Thomson Avenue, Cambridge CB3 0HE, United Kingdom</marc:subfield>
      </marc:datafield>
      <marc:datafield tag="700" ind1="1" ind2=" ">
         <marc:subfield code="a">G. Raschke</marc:subfield>
         <marc:subfield code="e">author</marc:subfield>
         <marc:subfield code="u">Photonics and Optoelectronics Group, Physics Department and CeNS, Ludwig-Maximilians-Universität München, Amalienstrasse 54, 80799 Munich, Germany, Roche Diagnostics GmbH, Nonnenwald 2, 82372 Penzberg, Germany, and Cavendish Laboratory, University of Cambridge, J J Thomson Avenue, Cambridge CB3 0HE, United Kingdom</marc:subfield>
      </marc:datafield>
      <marc:datafield tag="700" ind1="1" ind2=" ">
         <marc:subfield code="a">S. Funk</marc:subfield>
         <marc:subfield code="e">author</marc:subfield>
         <marc:subfield code="u">Photonics and Optoelectronics Group, Physics Department and CeNS, Ludwig-Maximilians-Universität München, Amalienstrasse 54, 80799 Munich, Germany, Roche Diagnostics GmbH, Nonnenwald 2, 82372 Penzberg, Germany, and Cavendish Laboratory, University of Cambridge, J J Thomson Avenue, Cambridge CB3 0HE, United Kingdom</marc:subfield>
      </marc:datafield>
      <marc:datafield tag="700" ind1="1" ind2=" ">
         <marc:subfield code="a">M. Borowski</marc:subfield>
         <marc:subfield code="e">author</marc:subfield>
         <marc:subfield code="u">Photonics and Optoelectronics Group, Physics Department and CeNS, Ludwig-Maximilians-Universität München, Amalienstrasse 54, 80799 Munich, Germany, Roche Diagnostics GmbH, Nonnenwald 2, 82372 Penzberg, Germany, and Cavendish Laboratory, University of Cambridge, J J Thomson Avenue, Cambridge CB3 0HE, United Kingdom</marc:subfield>
      </marc:datafield>
      <marc:datafield tag="700" ind1="1" ind2=" ">
         <marc:subfield code="a">A. Nichtl</marc:subfield>
         <marc:subfield code="e">author</marc:subfield>
         <marc:subfield code="u">Photonics and Optoelectronics Group, Physics Department and CeNS, Ludwig-Maximilians-Universität München, Amalienstrasse 54, 80799 Munich, Germany, Roche Diagnostics GmbH, Nonnenwald 2, 82372 Penzberg, Germany, and Cavendish Laboratory, University of Cambridge, J J Thomson Avenue, Cambridge CB3 0HE, United Kingdom</marc:subfield>
      </marc:datafield>
      <marc:datafield tag="700" ind1="1" ind2=" ">
         <marc:subfield code="a">K. Kürzinger</marc:subfield>
         <marc:subfield code="e">author</marc:subfield>
         <marc:subfield code="u">Photonics and Optoelectronics Group, Physics Department and CeNS, Ludwig-Maximilians-Universität München, Amalienstrasse 54, 80799 Munich, Germany, Roche Diagnostics GmbH, Nonnenwald 2, 82372 Penzberg, Germany, and Cavendish Laboratory, University of Cambridge, J J Thomson Avenue, Cambridge CB3 0HE, United Kingdom</marc:subfield>
      </marc:datafield>
      <marc:datafield tag="700" ind1="1" ind2=" ">
         <marc:subfield code="a">R. T. Phillips</marc:subfield>
         <marc:subfield code="e">author</marc:subfield>
         <marc:subfield code="u">Photonics and Optoelectronics Group, Physics Department and CeNS, Ludwig-Maximilians-Universität München, Amalienstrasse 54, 80799 Munich, Germany, Roche Diagnostics GmbH, Nonnenwald 2, 82372 Penzberg, Germany, and Cavendish Laboratory, University of Cambridge, J J Thomson Avenue, Cambridge CB3 0HE, United Kingdom</marc:subfield>
      </marc:datafield>
      <marc:datafield tag="700" ind1="1" ind2=" ">
         <marc:subfield code="a">J. Feldmann</marc:subfield>
         <marc:subfield code="e">author</marc:subfield>
         <marc:subfield code="u">Photonics and Optoelectronics Group, Physics Department and CeNS, Ludwig-Maximilians-Universität München, Amalienstrasse 54, 80799 Munich, Germany, Roche Diagnostics GmbH, Nonnenwald 2, 82372 Penzberg, Germany, and Cavendish Laboratory, University of Cambridge, J J Thomson Avenue, Cambridge CB3 0HE, United Kingdom</marc:subfield>
      </marc:datafield>
      
      <marc:datafield tag="655" ind1=" " ind2="7">
         <marc:subfield code="a">journal article</marc:subfield>
      </marc:datafield>
      <marc:datafield tag="655" ind1=" " ind2="7">
         <marc:subfield code="a">article</marc:subfield>
         <marc:subfield code="2">bibtex</marc:subfield>
      </marc:datafield>
      <marc:datafield tag="260" ind1=" " ind2=" "/>
      <marc:datafield tag="520" ind1=" " ind2=" ">
         <marc:subfield code="a">We show how to change optically the distance between two protein-linked gold nanoparticles by Raman-induced motion of the linker protein. Rayleigh scattering spectroscopy of the coupled-particle plasmon allows us to compare the inter-nanoparticle distance of individual protein-linked gold nanoparticle dimers before and after surface-enhanced Raman scattering (SERS). We find that low-intensity (50 W/m2) laser light in resonance with the nanoparticle-dimer plasmon provokes a change of the inter-nanoparticle distance on the order of 0.5 nm whenever SERS from the proteins connecting the nanoparticles can be observed.</marc:subfield>
      </marc:datafield>
      <marc:datafield tag="773" ind1="0" ind2=" ">
         <marc:subfield code="q">7:9&lt;2753</marc:subfield>
         <marc:subfield code="t">Nano Lett.</marc:subfield>
         <marc:subfield code="x">1530-6984</marc:subfield>
      </marc:datafield>
      
      <marc:datafield tag="856" ind1=" " ind2=" ">
         <marc:subfield code="u">10.1021/nl0712466</marc:subfield>
      </marc:datafield>
      <marc:datafield tag="856" ind1=" " ind2=" ">
         <marc:subfield code="u">http://pubs3.acs.org/acs/journals/doilookup?in_doi=10.1021/nl0712466</marc:subfield>
      </marc:datafield>
      <marc:datafield tag="856" ind1=" " ind2=" ">
         <marc:subfield code="u">http://dx.doi.org/10.1021/nl0712466</marc:subfield>
      </marc:datafield>
   </marc:record>