
   <marc:record>
      <marc:leader>     nam  22     uu 4500</marc:leader>
      <marc:controlfield tag="008">      |           ||||||||||||||||||||||</marc:controlfield>
      <marc:datafield tag="245" ind1="1" ind2="0">
         <marc:subfield code="a">Design of plasmonic nanoantennae for enhancing spontaneous emission</marc:subfield>
      </marc:datafield>
      <marc:datafield tag="700" ind1="1" ind2=" ">
         <marc:subfield code="a">Lavinia Rogobete</marc:subfield>
         <marc:subfield code="e">author</marc:subfield>
      </marc:datafield>
      <marc:datafield tag="700" ind1="1" ind2=" ">
         <marc:subfield code="a">Franziska Kaminski</marc:subfield>
         <marc:subfield code="e">author</marc:subfield>
      </marc:datafield>
      <marc:datafield tag="700" ind1="1" ind2=" ">
         <marc:subfield code="a">Mario Agio</marc:subfield>
         <marc:subfield code="e">author</marc:subfield>
      </marc:datafield>
      <marc:datafield tag="700" ind1="1" ind2=" ">
         <marc:subfield code="a">Vahid Sandoghdar</marc:subfield>
         <marc:subfield code="e">author</marc:subfield>
      </marc:datafield>
      
      <marc:datafield tag="655" ind1=" " ind2="7">
         <marc:subfield code="a">journal article</marc:subfield>
      </marc:datafield>
      <marc:datafield tag="655" ind1=" " ind2="7">
         <marc:subfield code="a">article</marc:subfield>
         <marc:subfield code="2">bibtex</marc:subfield>
      </marc:datafield>
      <marc:datafield tag="260" ind1=" " ind2=" "/>
      <marc:datafield tag="520" ind1=" " ind2=" ">
         <marc:subfield code="a">We apply two- and three-dimensional numerical calculations to study optical nanoantennae made of two coupled gold nanostructures, enclosing a single emitter in their gap. We show that, using structures manufacturable with today's nanotechnology, it is possible to increase the radiative decay rate by three orders of magnitude while keeping a quantum efficiency larger than 80% in the near-infrared regime. We examine the competition between the radiative and nonradiative processes in the presence of the antennae as a function of wavelength and antenna geometry. Our results hold great promise for improving the quantum efficiency of poor emitters such as silicon nanocrystals or carbon nanotubes.</marc:subfield>
      </marc:datafield>
      <marc:datafield tag="650" ind1="1" ind2=" ">
         <marc:subfield code="a">Atomic and molecular physics</marc:subfield>
         <marc:subfield code="x">Quantum optics</marc:subfield>
         <marc:subfield code="x">Scattering</marc:subfield>
         <marc:subfield code="x">particles</marc:subfield>
      </marc:datafield>
      <marc:datafield tag="773" ind1="0" ind2=" ">
         <marc:subfield code="q">32:12&lt;1623</marc:subfield>
         <marc:subfield code="t">Opt. Lett.</marc:subfield>
      </marc:datafield>
      
      <marc:datafield tag="856" ind1=" " ind2=" ">
         <marc:subfield code="u">http://ol.osa.org/abstract.cfm?URI=ol-32-12-1623</marc:subfield>
      </marc:datafield>
   </marc:record>