
   <marc:record>
      <marc:leader>     nam  22     uu 4500</marc:leader>
      <marc:controlfield tag="008">      |           ||||||||||||||||||||||</marc:controlfield>
      <marc:datafield tag="245" ind1="1" ind2="0">
         <marc:subfield code="a">Plasmons in nearly touching metallic nanoparticles: singular response in the limit of touching dimers</marc:subfield>
      </marc:datafield>
      <marc:datafield tag="700" ind1="1" ind2=" ">
         <marc:subfield code="a">Isabel Romero</marc:subfield>
         <marc:subfield code="e">author</marc:subfield>
      </marc:datafield>
      <marc:datafield tag="700" ind1="1" ind2=" ">
         <marc:subfield code="a">Javier Aizpurua</marc:subfield>
         <marc:subfield code="e">author</marc:subfield>
      </marc:datafield>
      <marc:datafield tag="700" ind1="1" ind2=" ">
         <marc:subfield code="a">Garnett W. Bryant</marc:subfield>
         <marc:subfield code="e">author</marc:subfield>
      </marc:datafield>
      <marc:datafield tag="700" ind1="1" ind2=" ">
         <marc:subfield code="a">F. Javier García De Abajo</marc:subfield>
         <marc:subfield code="e">author</marc:subfield>
      </marc:datafield>
      
      <marc:datafield tag="655" ind1=" " ind2="7">
         <marc:subfield code="a">journal article</marc:subfield>
      </marc:datafield>
      <marc:datafield tag="655" ind1=" " ind2="7">
         <marc:subfield code="a">article</marc:subfield>
         <marc:subfield code="2">bibtex</marc:subfield>
      </marc:datafield>
      <marc:datafield tag="260" ind1=" " ind2=" "/>
      <marc:datafield tag="520" ind1=" " ind2=" ">
         <marc:subfield code="a">The response of gold nanoparticle dimers is studied theoretically near and beyond the limit where the particles are touching. As the particles approach each other, a dominant dipole feature is observed that is pushed into the infrared due to interparticle coupling and that is associated with a large pileup of induced charge in the interparticle gap. The redshift becomes singular as the particle separation decreases. The response weakens for very small separation when the coupling across the interparticle gap becomes so strong that dipolar oscillations across the pair are inhibited. Lowerwavelength, higher-order modes show a similar separation dependence in nearly touching dimers. After touching, singular behavior is observed through the emergence of a new infrared absorption peak, also accompanied by huge charge pileup at the interparticle junction, if initial interparticle-contact is made at a single point. This new mode is distinctly different from the lowest mode of the separated dimer. When the junction is made by contact between flat surfaces, charge at the junction is neutralized and mode evolution is continuous through contact. The calculated singular response explains recent experiments on metallic nanoparticle dimers and is relevant in the design of nanoparticle-based sensors and plasmon circuits.</marc:subfield>
      </marc:datafield>
      <marc:datafield tag="650" ind1="1" ind2=" ">
         <marc:subfield code="a">Surface plasmons</marc:subfield>
         <marc:subfield code="x">Particles</marc:subfield>
      </marc:datafield>
      <marc:datafield tag="773" ind1="0" ind2=" ">
         <marc:subfield code="q">14:21&lt;9988</marc:subfield>
         <marc:subfield code="t">Opt. Express</marc:subfield>
      </marc:datafield>
      
      <marc:datafield tag="856" ind1=" " ind2=" ">
         <marc:subfield code="u">http://www.opticsexpress.org/abstract.cfm?URI=oe-14-21-9988</marc:subfield>
      </marc:datafield>
   </marc:record>