
   <marc:record>
      <marc:leader>     nam  22     uu 4500</marc:leader>
      <marc:controlfield tag="008">      |           ||||||||||||||||||||||</marc:controlfield>
      <marc:datafield tag="245" ind1="1" ind2="0">
         <marc:subfield code="a">Nanostructures in biodiagnostics</marc:subfield>
      </marc:datafield>
      <marc:datafield tag="700" ind1="1" ind2=" ">
         <marc:subfield code="a">Nathaniel L. Rosi</marc:subfield>
         <marc:subfield code="e">author</marc:subfield>
      </marc:datafield>
      <marc:datafield tag="700" ind1="1" ind2=" ">
         <marc:subfield code="a">Chad A. Mirkin</marc:subfield>
         <marc:subfield code="e">author</marc:subfield>
      </marc:datafield>
      
      <marc:datafield tag="655" ind1=" " ind2="7">
         <marc:subfield code="a">journal article</marc:subfield>
      </marc:datafield>
      <marc:datafield tag="655" ind1=" " ind2="7">
         <marc:subfield code="a">article</marc:subfield>
         <marc:subfield code="2">bibtex</marc:subfield>
      </marc:datafield>
      <marc:datafield tag="260" ind1=" " ind2=" "/>
      <marc:datafield tag="650" ind1="1" ind2=" ">
         <marc:subfield code="a">dip-pen nanolithography</marc:subfield>
         <marc:subfield code="x">surface-plasmon resonance</marc:subfield>
         <marc:subfield code="x">ultrasensitive dna detection</marc:subfield>
         <marc:subfield code="x">scattering submicroscopic particles</marc:subfield>
         <marc:subfield code="x">single-nucleotide polymorphism</marc:subfield>
         <marc:subfield code="x">nanoparticle-based detection</marc:subfield>
         <marc:subfield code="x">semiconductor quantum dots</marc:subfield>
         <marc:subfield code="x">highly fluorescent analogs</marc:subfield>
         <marc:subfield code="x">scanning probe lithography</marc:subfield>
         <marc:subfield code="x">gold nanoparticles</marc:subfield>
      </marc:datafield>
      <marc:datafield tag="773" ind1="0" ind2=" ">
         <marc:subfield code="q">105:4&lt;1547</marc:subfield>
         <marc:subfield code="t">Chem. Rev.</marc:subfield>
      </marc:datafield>
      
      <marc:datafield tag="856" ind1=" " ind2=" ">
         <marc:subfield code="u">10.1021/cr030067f</marc:subfield>
      </marc:datafield>
      <marc:datafield tag="856" ind1=" " ind2=" ">
         <marc:subfield code="u">http://dx.doi.org/10.1021/cr030067f</marc:subfield>
      </marc:datafield>
   </marc:record>