
   <marc:record>
      <marc:leader>     nam  22     uu 4500</marc:leader>
      <marc:controlfield tag="008">      s1994       ||||| ||||||||||||||||</marc:controlfield>
      <marc:datafield tag="245" ind1="1" ind2="0">
         <marc:subfield code="a">Photochemistry and Photophysics of Metal Complexes</marc:subfield>
      </marc:datafield>
      <marc:datafield tag="700" ind1="1" ind2=" ">
         <marc:subfield code="a">D. M. Roundhill</marc:subfield>
         <marc:subfield code="e">author</marc:subfield>
      </marc:datafield>
      
      <marc:datafield tag="655" ind1=" " ind2="7">
         <marc:subfield code="a">book</marc:subfield>
         <marc:subfield code="2">bibtex</marc:subfield>
      </marc:datafield>
      <marc:datafield tag="260" ind1=" " ind2=" ">
         <marc:subfield code="b">Plenum Press, New York and London</marc:subfield>
         <marc:subfield code="c">1994</marc:subfield>
      </marc:datafield>
      
         
      
      <marc:datafield tag="650" ind1="1" ind2=" ">
         <marc:subfield code="a">Photochemistry</marc:subfield>
         <marc:subfield code="x">Metal complexes</marc:subfield>
         <marc:subfield code="x">Transition metal complexes.</marc:subfield>
      </marc:datafield>
      <marc:datafield tag="440" ind1=" " ind2=" ">
         <marc:subfield code="a">Modern inorganic chemistry</marc:subfield>
      </marc:datafield>
      
      <marc:datafield tag="022" ind1=" " ind2=" ">
         <marc:subfield code="a">0-306-44694-4</marc:subfield>
      </marc:datafield>
   </marc:record>