
   <marc:record>
      <marc:leader>     nam  22     uu 4500</marc:leader>
      <marc:controlfield tag="008">      |           ||||||||||||||||||||||</marc:controlfield>
      <marc:datafield tag="245" ind1="1" ind2="0">
         <marc:subfield code="a">Decay of an excited molecule near a small metal sphere</marc:subfield>
      </marc:datafield>
      <marc:datafield tag="700" ind1="1" ind2=" ">
         <marc:subfield code="a">R. Ruppin</marc:subfield>
         <marc:subfield code="e">author</marc:subfield>
      </marc:datafield>
      
      <marc:datafield tag="655" ind1=" " ind2="7">
         <marc:subfield code="a">journal article</marc:subfield>
      </marc:datafield>
      <marc:datafield tag="655" ind1=" " ind2="7">
         <marc:subfield code="a">article</marc:subfield>
         <marc:subfield code="2">bibtex</marc:subfield>
      </marc:datafield>
      <marc:datafield tag="260" ind1=" " ind2=" "/>
      <marc:datafield tag="520" ind1=" " ind2=" ">
         <marc:subfield code="a">The decay of an excited molecule near a small metal sphere is considered from the viewpoint of electromagnetic theory. The total decay rate of the emitting dipole is obtained by considering the two mechanisms through which energy is dissipated. One is the radiative loss, which is calculated from the Poynting vector, and the other is the nonradiative decay which is calculated from the Ohmic losses inside the sphere. Numerical computations are performed for the case of a molecule near a small silver sphere, and the results are compared with those for a molecule near the planar boundary of a silver half-space. The Journal of Chemical Physics is copyrighted by The American Institute of Physics.</marc:subfield>
      </marc:datafield>
      <marc:datafield tag="650" ind1="1" ind2=" ">
         <marc:subfield code="a">excited states</marc:subfield>
         <marc:subfield code="x">molecules</marc:subfield>
         <marc:subfield code="x">spheres</marc:subfield>
         <marc:subfield code="x">metals</marc:subfield>
         <marc:subfield code="x">decay</marc:subfield>
         <marc:subfield code="x">lifetime</marc:subfield>
         <marc:subfield code="x">electrodynamics</marc:subfield>
      </marc:datafield>
      <marc:datafield tag="773" ind1="0" ind2=" ">
         <marc:subfield code="q">76:4&lt;1681</marc:subfield>
         <marc:subfield code="t">J. Chem. Phys.</marc:subfield>
      </marc:datafield>
      
      <marc:datafield tag="856" ind1=" " ind2=" ">
         <marc:subfield code="u">10.1063/1.443196</marc:subfield>
      </marc:datafield>
      <marc:datafield tag="856" ind1=" " ind2=" ">
         <marc:subfield code="u">http://dx.doi.org/10.1063/1.443196</marc:subfield>
      </marc:datafield>
   </marc:record>