
   <marc:record>
      <marc:leader>     nam  22     uu 4500</marc:leader>
      <marc:controlfield tag="008">      |           ||||||||||||||||||||||</marc:controlfield>
      <marc:datafield tag="245" ind1="1" ind2="0">
         <marc:subfield code="a">The optical near-field of gold nanoparticle chains</marc:subfield>
      </marc:datafield>
      <marc:datafield tag="700" ind1="1" ind2=" ">
         <marc:subfield code="a">M. Salerno</marc:subfield>
         <marc:subfield code="e">author</marc:subfield>
      </marc:datafield>
      <marc:datafield tag="700" ind1="1" ind2=" ">
         <marc:subfield code="a">J. R. Krenn</marc:subfield>
         <marc:subfield code="e">author</marc:subfield>
      </marc:datafield>
      <marc:datafield tag="700" ind1="1" ind2=" ">
         <marc:subfield code="a">A. Hohenau</marc:subfield>
         <marc:subfield code="e">author</marc:subfield>
      </marc:datafield>
      <marc:datafield tag="700" ind1="1" ind2=" ">
         <marc:subfield code="a">H. Ditlbacher</marc:subfield>
         <marc:subfield code="e">author</marc:subfield>
      </marc:datafield>
      <marc:datafield tag="700" ind1="1" ind2=" ">
         <marc:subfield code="a">G. Schider</marc:subfield>
         <marc:subfield code="e">author</marc:subfield>
      </marc:datafield>
      <marc:datafield tag="700" ind1="1" ind2=" ">
         <marc:subfield code="a">A. Leitner</marc:subfield>
         <marc:subfield code="e">author</marc:subfield>
      </marc:datafield>
      <marc:datafield tag="700" ind1="1" ind2=" ">
         <marc:subfield code="a">F. R. Aussenegg</marc:subfield>
         <marc:subfield code="e">author</marc:subfield>
      </marc:datafield>
      
      <marc:datafield tag="655" ind1=" " ind2="7">
         <marc:subfield code="a">journal article</marc:subfield>
      </marc:datafield>
      <marc:datafield tag="655" ind1=" " ind2="7">
         <marc:subfield code="a">article</marc:subfield>
         <marc:subfield code="2">bibtex</marc:subfield>
      </marc:datafield>
      <marc:datafield tag="260" ind1=" " ind2=" "/>
      <marc:datafield tag="520" ind1=" " ind2=" ">
         <marc:subfield code="a">We report on scanning near-field optical microscopy of one-dimensional chains of gold nanoparticles which are optically excited at their particle plasmon frequency under total internal reflection. Shape and mutual distance of the nanoparticles are tailored by lithographic fabrication. We show that the optical near-field profiles are determined by two contributions. First, the particle plasmon near-field and second, interference patterns due to the interaction of the exciting light wave and diffracted radiative grating orders. (c) 2004 Elsevier B.V. All rights reserved.</marc:subfield>
      </marc:datafield>
      <marc:datafield tag="650" ind1="1" ind2=" ">
         <marc:subfield code="a">electromagnetic energy-transport</marc:subfield>
         <marc:subfield code="x">metallic nanoparticles</marc:subfield>
         <marc:subfield code="x">wave-guides</marc:subfield>
         <marc:subfield code="x">microscopy</marc:subfield>
         <marc:subfield code="x">Optical properties of specific thin films</marc:subfield>
         <marc:subfield code="x">Surfaces</marc:subfield>
         <marc:subfield code="x">Low-dimensional structures</marc:subfield>
         <marc:subfield code="x">Polaritons</marc:subfield>
         <marc:subfield code="x">Near-field scanning optical microscopes</marc:subfield>
      </marc:datafield>
      <marc:datafield tag="773" ind1="0" ind2=" ">
         <marc:subfield code="q">248:4-6&lt;543</marc:subfield>
         <marc:subfield code="t">Opt. Commun.</marc:subfield>
      </marc:datafield>
      
      <marc:datafield tag="856" ind1=" " ind2=" ">
         <marc:subfield code="u">10.1016/j.optcom.2004.12.023</marc:subfield>
      </marc:datafield>
      <marc:datafield tag="856" ind1=" " ind2=" ">
         <marc:subfield code="u">http://dx.doi.org/10.1016/j.optcom.2004.12.023</marc:subfield>
      </marc:datafield>
   </marc:record>