
   <marc:record>
      <marc:leader>     nam  22     uu 4500</marc:leader>
      <marc:controlfield tag="008">      |           ||||||||||||||||||||||</marc:controlfield>
      <marc:datafield tag="245" ind1="1" ind2="0">
         <marc:subfield code="a">Nonspecific and Thiol-Specific Binding of DNA to Gold Nanoparticles</marc:subfield>
      </marc:datafield>
      <marc:datafield tag="700" ind1="1" ind2=" ">
         <marc:subfield code="a">Pär Sandström</marc:subfield>
         <marc:subfield code="e">author</marc:subfield>
      </marc:datafield>
      <marc:datafield tag="700" ind1="1" ind2=" ">
         <marc:subfield code="a">Mila Boncheva</marc:subfield>
         <marc:subfield code="e">author</marc:subfield>
      </marc:datafield>
      <marc:datafield tag="700" ind1="1" ind2=" ">
         <marc:subfield code="a">Björn {\AA}kerman</marc:subfield>
         <marc:subfield code="e">author</marc:subfield>
      </marc:datafield>
      
      <marc:datafield tag="655" ind1=" " ind2="7">
         <marc:subfield code="a">journal article</marc:subfield>
      </marc:datafield>
      <marc:datafield tag="655" ind1=" " ind2="7">
         <marc:subfield code="a">article</marc:subfield>
         <marc:subfield code="2">bibtex</marc:subfield>
      </marc:datafield>
      <marc:datafield tag="260" ind1=" " ind2=" "/>
      <marc:datafield tag="520" ind1=" " ind2=" ">
         <marc:subfield code="a">Modifying colloidal gold particles with DNA is a new interesting approach in the development of genetic biosensors. Normally the modification is designed to consist of a covalent gold-sulfur bond mediated by a thiol group on one end of a single-stranded oligonucleotide. Here we investigate to what extent the binding actually consists of only the sulfur bridge or if some other nonspecific binding mechanism is present as well. We report on an electrophoresis study showing high amounts of strong, non-thiol-mediated (nonspecific) binding of both single- and double-stranded DNA to gold nanoparticles. Interestingly, even the double strands, lacking interacting groups from the exposed bases of single-stranded DNA, interact nonspecifically with the gold particles. We suggest the mechanism for this to be ion-induced dipole dispersive interactions, where the negatively charged phosphate groups on the DNA induce dipoles in the highly polarizable gold particles. Moreover, we show that particles with nonspecifically adsorbed DNA can be separated from the specifically modified and unmodified ones by gel electrophoresis.</marc:subfield>
      </marc:datafield>
      <marc:datafield tag="650" ind1="1" ind2=" ">
         <marc:subfield code="a">colorimetric detection</marc:subfield>
         <marc:subfield code="x">optical-properties</marc:subfield>
         <marc:subfield code="x">probes</marc:subfield>
         <marc:subfield code="x">oligonucleotides</marc:subfield>
         <marc:subfield code="x">polynucleotides</marc:subfield>
         <marc:subfield code="x">assemblies</marc:subfield>
      </marc:datafield>
      <marc:datafield tag="773" ind1="0" ind2=" ">
         <marc:subfield code="q">19:18&lt;7537</marc:subfield>
         <marc:subfield code="t">Langmuir</marc:subfield>
      </marc:datafield>
      
      <marc:datafield tag="856" ind1=" " ind2=" ">
         <marc:subfield code="u">10.1021/la034348u</marc:subfield>
      </marc:datafield>
      <marc:datafield tag="856" ind1=" " ind2=" ">
         <marc:subfield code="u">http://dx.doi.org/10.1021/la034348u</marc:subfield>
      </marc:datafield>
   </marc:record>