
   <marc:record>
      <marc:leader>     nam  22     uu 4500</marc:leader>
      <marc:controlfield tag="008">      |           ||||||||||||||||||||||</marc:controlfield>
      <marc:datafield tag="245" ind1="1" ind2="0">
         <marc:subfield code="a">Experimental and Theoretical Surface Enhanced Raman Scattering Study of 2-Amino-4-methylbenzothiazole Adsorbed on Colloidal Silver Particles</marc:subfield>
      </marc:datafield>
      <marc:datafield tag="700" ind1="1" ind2=" ">
         <marc:subfield code="a">Jyotirmoy Sarkar</marc:subfield>
         <marc:subfield code="e">author</marc:subfield>
      </marc:datafield>
      <marc:datafield tag="700" ind1="1" ind2=" ">
         <marc:subfield code="a">Joydeep Chowdhury</marc:subfield>
         <marc:subfield code="e">author</marc:subfield>
      </marc:datafield>
      <marc:datafield tag="700" ind1="1" ind2=" ">
         <marc:subfield code="a">Manash Ghosh</marc:subfield>
         <marc:subfield code="e">author</marc:subfield>
      </marc:datafield>
      <marc:datafield tag="700" ind1="1" ind2=" ">
         <marc:subfield code="a">Rina De</marc:subfield>
         <marc:subfield code="e">author</marc:subfield>
      </marc:datafield>
      <marc:datafield tag="700" ind1="1" ind2=" ">
         <marc:subfield code="a">G. B. Talapatra</marc:subfield>
         <marc:subfield code="e">author</marc:subfield>
      </marc:datafield>
      
      <marc:datafield tag="655" ind1=" " ind2="7">
         <marc:subfield code="a">journal article</marc:subfield>
      </marc:datafield>
      <marc:datafield tag="655" ind1=" " ind2="7">
         <marc:subfield code="a">article</marc:subfield>
         <marc:subfield code="2">bibtex</marc:subfield>
      </marc:datafield>
      <marc:datafield tag="260" ind1=" " ind2=" "/>
      <marc:datafield tag="520" ind1=" " ind2=" ">
         <marc:subfield code="a">The adsorption of 2-amino-4-methylbenzothiazole (2-AMBT) on colloidal silver particles has been investigated by a surface enhanced Raman scattering (SERS) study. The SERS spectra of the 2-AMBT molecule at varied adsorbate concentrations recorded in different time domains are compared with its Fourier transform infrared (FTIR) spectrum and normal Raman spectrum (NRS) in the bulk and in solution. The experimentally observed SERS spectra are compared with the theoretically modeled surface complexes using ab initio restricted Hatree-Fock (RHF) and density functional theory (DFT) calculations. The most favorable adsorptive sites of the 2-AMBT molecule have been estimated by natural population analysis (NPA) using the above-mentioned high level of theories. The enhancement of the in-plane modes together with the appearance of Ag-N stretching frequency at 215 cm-1 indicates that the 2-AMBT molecule is adsorbed on the silver surface through the lone pair electrons of both nitrogen atoms with the molecular plane nearly vertical to the surface.</marc:subfield>
      </marc:datafield>
      <marc:datafield tag="773" ind1="0" ind2=" ">
         <marc:subfield code="q">109:47&lt;22536</marc:subfield>
         <marc:subfield code="t">J. Phys. Chem. B</marc:subfield>
      </marc:datafield>
      
      <marc:datafield tag="856" ind1=" " ind2=" ">
         <marc:subfield code="u">10.1021/jp054501o</marc:subfield>
      </marc:datafield>
      <marc:datafield tag="856" ind1=" " ind2=" ">
         <marc:subfield code="u">http://dx.doi.org/10.1021/jp054501o</marc:subfield>
      </marc:datafield>
   </marc:record>