
   <marc:record>
      <marc:leader>     nam  22     uu 4500</marc:leader>
      <marc:controlfield tag="008">      |           ||||||||||||||||||||||</marc:controlfield>
      <marc:datafield tag="245" ind1="1" ind2="0">
         <marc:subfield code="a">{D}etailed analysis of single-molecule surface-enhanced resonance {R}aman scattering spectra of {R}hodamine 6{G} obtained from isolated nano-aggregates of colloidal silver</marc:subfield>
      </marc:datafield>
      <marc:datafield tag="700" ind1="1" ind2=" ">
         <marc:subfield code="a">Slobodan Sasic</marc:subfield>
         <marc:subfield code="e">author</marc:subfield>
      </marc:datafield>
      <marc:datafield tag="700" ind1="1" ind2=" ">
         <marc:subfield code="a">Tamitake Itoh</marc:subfield>
         <marc:subfield code="e">author</marc:subfield>
      </marc:datafield>
      <marc:datafield tag="700" ind1="1" ind2=" ">
         <marc:subfield code="a">Yukihiro Ozaki</marc:subfield>
         <marc:subfield code="e">author</marc:subfield>
      </marc:datafield>
      
      <marc:datafield tag="655" ind1=" " ind2="7">
         <marc:subfield code="a">journal article</marc:subfield>
      </marc:datafield>
      <marc:datafield tag="655" ind1=" " ind2="7">
         <marc:subfield code="a">article</marc:subfield>
         <marc:subfield code="2">bibtex</marc:subfield>
      </marc:datafield>
      <marc:datafield tag="260" ind1=" " ind2=" "/>
      <marc:datafield tag="520" ind1=" " ind2=" ">
         <marc:subfield code="a">Surface-enhanced resonant Raman scattering (SERRS) spectra of Rhodamine 6G (R6G) were acquired from single (aggregated) Ag colloidal particles that had been incubated with various amounts of R6G (0.1-125 nM). The spectra were investigated in detail and the evidence for a single-molecule-like response was found even for R6G:Ag particle ratios greatly exceeding equimolarity. After a thorough comparison with literature data, it is concluded that it is reasonable to expect a single-molecule-like response even for fairly ?high? R6G concentrations. A series of Raman images are shown and commented on with respect to bulk SERRS measurements. The problem of band assignment of single-molecule spectra of biological species is addressed. Copyright © 2005 John Wiley &amp; Sons, Ltd.</marc:subfield>
      </marc:datafield>
      <marc:datafield tag="773" ind1="0" ind2=" ">
         <marc:subfield code="q">36:6-7&lt;593</marc:subfield>
         <marc:subfield code="t">J. Raman Spect.</marc:subfield>
      </marc:datafield>
      
      <marc:datafield tag="856" ind1=" " ind2=" ">
         <marc:subfield code="u">10.1002/jrs.1329</marc:subfield>
      </marc:datafield>
      <marc:datafield tag="856" ind1=" " ind2=" ">
         <marc:subfield code="u">http://dx.doi.org/10.1002/jrs.1329</marc:subfield>
      </marc:datafield>
   </marc:record>