
   <marc:record>
      <marc:leader>     nam  22     uu 4500</marc:leader>
      <marc:controlfield tag="008">      |           ||||||||||||||||||||||</marc:controlfield>
      <marc:datafield tag="245" ind1="1" ind2="0">
         <marc:subfield code="a">Smoothing and Differentiation of Data by Simplified Least Squares Procedures.</marc:subfield>
      </marc:datafield>
      <marc:datafield tag="700" ind1="1" ind2=" ">
         <marc:subfield code="a">Abraham Savitzky</marc:subfield>
         <marc:subfield code="e">author</marc:subfield>
      </marc:datafield>
      <marc:datafield tag="700" ind1="1" ind2=" ">
         <marc:subfield code="a">M. J. E. Golay</marc:subfield>
         <marc:subfield code="e">author</marc:subfield>
      </marc:datafield>
      
      <marc:datafield tag="655" ind1=" " ind2="7">
         <marc:subfield code="a">journal article</marc:subfield>
      </marc:datafield>
      <marc:datafield tag="655" ind1=" " ind2="7">
         <marc:subfield code="a">article</marc:subfield>
         <marc:subfield code="2">bibtex</marc:subfield>
      </marc:datafield>
      <marc:datafield tag="260" ind1=" " ind2=" "/>
      <marc:datafield tag="520" ind1=" " ind2=" ">
         <marc:subfield code="a">In attempting to analyze, on digital computers, data from basically continuous physical experiments, numerical methods of performing familiar operations must be developed. The operations of differentiation and filtering are especially important both as an end in themselves, and as a prelude to further treatment of the data. Numerical counterparts of analog devices that perform these operations, such as RC filters, are often considered. However, the method of least squares may be used without additional computational complexity and with considerable improvement in the informotion obtained. The least squares calculations may be carried out in the computer by convolution of the data points with properly chosen sets of integers. These sets of integers and their normalizing factors are described and their use is illustrated in spectroscopic applications. The computer programs required are relatively simple. Two examples are presented as subroutines in the FORTRAN language.</marc:subfield>
      </marc:datafield>
      <marc:datafield tag="773" ind1="0" ind2=" ">
         <marc:subfield code="q">36:8&lt;1627</marc:subfield>
         <marc:subfield code="t">Analytical Chemistry</marc:subfield>
         <marc:subfield code="x">0003-2700</marc:subfield>
      </marc:datafield>
      
      <marc:datafield tag="856" ind1=" " ind2=" ">
         <marc:subfield code="u">10.1021/ac60214a047</marc:subfield>
      </marc:datafield>
      <marc:datafield tag="856" ind1=" " ind2=" ">
         <marc:subfield code="u">http://dx.doi.org/10.1021/ac60214a047</marc:subfield>
      </marc:datafield>
   </marc:record>