
   <marc:record>
      <marc:leader>     nam  22     uu 4500</marc:leader>
      <marc:controlfield tag="008">      |           ||||||||||||||||||||||</marc:controlfield>
      <marc:datafield tag="245" ind1="1" ind2="0">
         <marc:subfield code="a">Mechanisms of visible photoluminescence in porous silicon</marc:subfield>
      </marc:datafield>
      <marc:datafield tag="700" ind1="1" ind2=" ">
         <marc:subfield code="a">S. Sawada</marc:subfield>
         <marc:subfield code="e">author</marc:subfield>
      </marc:datafield>
      <marc:datafield tag="700" ind1="1" ind2=" ">
         <marc:subfield code="a">N. Hamada</marc:subfield>
         <marc:subfield code="e">author</marc:subfield>
      </marc:datafield>
      <marc:datafield tag="700" ind1="1" ind2=" ">
         <marc:subfield code="a">N. Ookubo</marc:subfield>
         <marc:subfield code="e">author</marc:subfield>
      </marc:datafield>
      
      <marc:datafield tag="655" ind1=" " ind2="7">
         <marc:subfield code="a">journal article</marc:subfield>
      </marc:datafield>
      <marc:datafield tag="655" ind1=" " ind2="7">
         <marc:subfield code="a">article</marc:subfield>
         <marc:subfield code="2">bibtex</marc:subfield>
      </marc:datafield>
      <marc:datafield tag="260" ind1=" " ind2=" "/>
      <marc:datafield tag="520" ind1=" " ind2=" ">
         <marc:subfield code="a">We propose a model for porous silicon, an irregular structure obtained by removing some silicon atoms randomly from a perfect silicon crystal. It is shown by using two-dimensional clusters with a tight-binding model that this model exhibits the energy-gap widening and the nonexponential decay of the photoluminescence (PL), which are in good agreement with the observed properties of porous silicon. In this model, the energy-gap widening is due to the localization of eigenstates caused by the randomness of the structure. The distributions in both size and position of the localized eigenstates, i.e., a statistical effect, yield nonexponential PL decay which is describable by the stretched exponential function. A dynamical effect due to electron and hole hopping between the eigenstates explains the observed strong energy dependence of the PL lifetimes.</marc:subfield>
      </marc:datafield>
      <marc:datafield tag="773" ind1="0" ind2=" ">
         <marc:subfield code="q">49:8&lt;5236</marc:subfield>
         <marc:subfield code="t">Phys. Rev. B</marc:subfield>
      </marc:datafield>
      
      <marc:datafield tag="856" ind1=" " ind2=" ">
         <marc:subfield code="u">10.1103/PhysRevB.49.5236</marc:subfield>
      </marc:datafield>
      <marc:datafield tag="856" ind1=" " ind2=" ">
         <marc:subfield code="u">http://link.aps.org/abstract/PRB/v49/p5236</marc:subfield>
      </marc:datafield>
      <marc:datafield tag="856" ind1=" " ind2=" ">
         <marc:subfield code="u">http://dx.doi.org/10.1103/PhysRevB.49.5236</marc:subfield>
      </marc:datafield>
   </marc:record>