
   <marc:record>
      <marc:leader>     nam  22     uu 4500</marc:leader>
      <marc:controlfield tag="008">      |           ||||||||||||||||||||||</marc:controlfield>
      <marc:datafield tag="245" ind1="1" ind2="0">
         <marc:subfield code="a">Isolation and Selected Properties of a 10.4 kDa Gold:Glutathione Cluster Compound</marc:subfield>
      </marc:datafield>
      <marc:datafield tag="700" ind1="1" ind2=" ">
         <marc:subfield code="a">T. Gregory Schaaff</marc:subfield>
         <marc:subfield code="e">author</marc:subfield>
         <marc:subfield code="u">Schools of Chemistry and Physics, Georgia Institute of Technology, Atlanta, Georgia, 30332-0400</marc:subfield>
      </marc:datafield>
      <marc:datafield tag="700" ind1="1" ind2=" ">
         <marc:subfield code="a">Grady Knight</marc:subfield>
         <marc:subfield code="e">author</marc:subfield>
         <marc:subfield code="u">Schools of Chemistry and Physics, Georgia Institute of Technology, Atlanta, Georgia, 30332-0400</marc:subfield>
      </marc:datafield>
      <marc:datafield tag="700" ind1="1" ind2=" ">
         <marc:subfield code="a">Marat N. Shafigullin</marc:subfield>
         <marc:subfield code="e">author</marc:subfield>
         <marc:subfield code="u">Schools of Chemistry and Physics, Georgia Institute of Technology, Atlanta, Georgia, 30332-0400</marc:subfield>
      </marc:datafield>
      <marc:datafield tag="700" ind1="1" ind2=" ">
         <marc:subfield code="a">Raymond F. Borkman</marc:subfield>
         <marc:subfield code="e">author</marc:subfield>
         <marc:subfield code="u">Schools of Chemistry and Physics, Georgia Institute of Technology, Atlanta, Georgia, 30332-0400</marc:subfield>
      </marc:datafield>
      <marc:datafield tag="700" ind1="1" ind2=" ">
         <marc:subfield code="a">Robert L. Whetten</marc:subfield>
         <marc:subfield code="e">author</marc:subfield>
         <marc:subfield code="u">Schools of Chemistry and Physics, Georgia Institute of Technology, Atlanta, Georgia, 30332-0400</marc:subfield>
      </marc:datafield>
      
      <marc:datafield tag="655" ind1=" " ind2="7">
         <marc:subfield code="a">journal article</marc:subfield>
      </marc:datafield>
      <marc:datafield tag="655" ind1=" " ind2="7">
         <marc:subfield code="a">article</marc:subfield>
         <marc:subfield code="2">bibtex</marc:subfield>
      </marc:datafield>
      <marc:datafield tag="260" ind1=" " ind2=" "/>
      <marc:datafield tag="520" ind1=" " ind2=" ">
         <marc:subfield code="a">An unprecedented small thioaurite cluster compound (with metallic Au0 core) has been isolated in high yield by decomposition of polymeric Au(I)SG compounds, where GSH is the ubiquitous tripeptide glutathione, N-glutamyl-cysteinyl-glycine. The Au:SG clusters appear to share the high stability and robustness of their hydrophobic n-alkyl analogues but are highly water soluble. The most abundant cluster produced by these methods can be easily separated from its homologues by gel electrophoresis. Its total molecular weight is ca. 10.4 kDa, and the mass of its strongly bound inorganic core is 5.6 kDa, suggesting the composition Au28(SG)16. This composition is also consistent with the X-ray diffraction pattern of the crystalline molecular solid. Distinct features in the optical absorption spectroscopy are inherently different from either larger clusters or smaller gold cluster compounds. The compound is optically active, as evidenced by circular dichroism in the near-IR, visible, and near-UV regions. The 13C NMR spectra suggest that the bonding environment of the GS-adsorbate is similar to that of the n-alkyl-adsorbate clusters, and the nonsulfhydryl properties are retained. The cluster is thus envisioned as a large metallic-cluster compound with distinctive optical properties encapsulated by a bioactive peptide monolayer.</marc:subfield>
      </marc:datafield>
      <marc:datafield tag="773" ind1="0" ind2=" ">
         <marc:subfield code="q">102:52&lt;10643</marc:subfield>
         <marc:subfield code="t">J. Phys. Chem. B</marc:subfield>
         <marc:subfield code="x">1520-6106</marc:subfield>
      </marc:datafield>
      
      <marc:datafield tag="856" ind1=" " ind2=" ">
         <marc:subfield code="u">10.1021/jp9830528</marc:subfield>
      </marc:datafield>
      <marc:datafield tag="856" ind1=" " ind2=" ">
         <marc:subfield code="u">http://dx.doi.org/10.1021/jp9830528</marc:subfield>
      </marc:datafield>
   </marc:record>