
   <marc:record>
      <marc:leader>     nam  22     uu 4500</marc:leader>
      <marc:controlfield tag="008">      |           ||||||||||||||||||||||</marc:controlfield>
      <marc:datafield tag="245" ind1="1" ind2="0">
         <marc:subfield code="a">Gold nanoparticles: assembly and electrical properties in 1-3 dimensions</marc:subfield>
      </marc:datafield>
      <marc:datafield tag="700" ind1="1" ind2=" ">
         <marc:subfield code="a">G. Schmid</marc:subfield>
         <marc:subfield code="e">author</marc:subfield>
      </marc:datafield>
      <marc:datafield tag="700" ind1="1" ind2=" ">
         <marc:subfield code="a">U. Simon</marc:subfield>
         <marc:subfield code="e">author</marc:subfield>
      </marc:datafield>
      
      <marc:datafield tag="655" ind1=" " ind2="7">
         <marc:subfield code="a">journal article</marc:subfield>
      </marc:datafield>
      <marc:datafield tag="655" ind1=" " ind2="7">
         <marc:subfield code="a">article</marc:subfield>
         <marc:subfield code="2">bibtex</marc:subfield>
      </marc:datafield>
      <marc:datafield tag="260" ind1=" " ind2=" "/>
      <marc:datafield tag="520" ind1=" " ind2=" ">
         <marc:subfield code="a">Ligand stabilized gold nanoparticles have attracted much attention in the search for new chemically designed compounds for a future information technology, based on single-electron devices. This article gives an overview about the strategies used to synthesize and to assemble uniform gold nanoparticles in different dimensions as well as about the present status of the electrical properties of these. Examples are given for three-dimensional organisations, for the formation of self-assembled monolayers as well as for one-dimensional assemblies.</marc:subfield>
      </marc:datafield>
      <marc:datafield tag="650" ind1="1" ind2=" ">
         <marc:subfield code="a">stabilized metal-clusters</marc:subfield>
         <marc:subfield code="x">colloid science</marc:subfield>
         <marc:subfield code="x">conductivity</marc:subfield>
         <marc:subfield code="x">dna</marc:subfield>
         <marc:subfield code="x">microelectronics</marc:subfield>
         <marc:subfield code="x">nanoclusters</marc:subfield>
         <marc:subfield code="x">arrangements</marc:subfield>
         <marc:subfield code="x">solids</marc:subfield>
         <marc:subfield code="x">state</marc:subfield>
         <marc:subfield code="x">field</marc:subfield>
      </marc:datafield>
      <marc:datafield tag="773" ind1="0" ind2=" ">
         <marc:subfield code="q">6&lt;697</marc:subfield>
         <marc:subfield code="t">Chem. Comm.</marc:subfield>
      </marc:datafield>
      
      <marc:datafield tag="856" ind1=" " ind2=" ">
         <marc:subfield code="u">10.1039/b411696h</marc:subfield>
      </marc:datafield>
      <marc:datafield tag="856" ind1=" " ind2=" ">
         <marc:subfield code="u">http://dx.doi.org/10.1039/b411696h</marc:subfield>
      </marc:datafield>
   </marc:record>