
   <marc:record>
      <marc:leader>     nam  22     uu 4500</marc:leader>
      <marc:controlfield tag="008">      |           ||||||||||||||||||||||</marc:controlfield>
      <marc:datafield tag="245" ind1="1" ind2="0">
         <marc:subfield code="a">Spontaneous Emission of Europium Ions Embedded in Dielectric Nanospheres</marc:subfield>
      </marc:datafield>
      <marc:datafield tag="700" ind1="1" ind2=" ">
         <marc:subfield code="a">Hannes Schniepp</marc:subfield>
         <marc:subfield code="e">author</marc:subfield>
      </marc:datafield>
      <marc:datafield tag="700" ind1="1" ind2=" ">
         <marc:subfield code="a">Vahid Sandoghdar</marc:subfield>
         <marc:subfield code="e">author</marc:subfield>
      </marc:datafield>
      
      <marc:datafield tag="655" ind1=" " ind2="7">
         <marc:subfield code="a">journal article</marc:subfield>
      </marc:datafield>
      <marc:datafield tag="655" ind1=" " ind2="7">
         <marc:subfield code="a">article</marc:subfield>
         <marc:subfield code="2">bibtex</marc:subfield>
      </marc:datafield>
      <marc:datafield tag="260" ind1=" " ind2=" "/>
      <marc:datafield tag="520" ind1=" " ind2=" ">
         <marc:subfield code="a">We measure fluorescence lifetimes of emitters embedded in isolated single dielectric nanospheres. {B}y varying the diameters of the spheres from 100 nm to 2 $\mu$m and by modifying their dielectric surrounding, we demonstrate a systematic change of paradigm in the spontaneous emission rate, as we cross the border from the superwavelength regime of {M}ie resonances to the nanoscopic realm of {R}ayleigh scattering. {O}ur data show inhibition of the spontaneous emission up to 3 times and are in excellent agreement with the results of analytical calculations.</marc:subfield>
      </marc:datafield>
      <marc:datafield tag="650" ind1="1" ind2=" ">
         <marc:subfield code="a">dielectric materials</marc:subfield>
         <marc:subfield code="x">nanostructured materials</marc:subfield>
         <marc:subfield code="x">composite insulators</marc:subfield>
         <marc:subfield code="x">europium</marc:subfield>
         <marc:subfield code="x">fluorescence</marc:subfield>
         <marc:subfield code="x">spontaneous emission</marc:subfield>
         <marc:subfield code="x">Rayleigh scattering</marc:subfield>
      </marc:datafield>
      <marc:datafield tag="773" ind1="0" ind2=" ">
         <marc:subfield code="q">89&lt;257403</marc:subfield>
         <marc:subfield code="t">Phys. Rev. Lett.</marc:subfield>
      </marc:datafield>
      
      <marc:datafield tag="856" ind1=" " ind2=" ">
         <marc:subfield code="u">10.1103/PhysRevLett.89.257403</marc:subfield>
      </marc:datafield>
      <marc:datafield tag="856" ind1=" " ind2=" ">
         <marc:subfield code="u">http://link.aps.org/abstract/PRL/v89/e257403</marc:subfield>
      </marc:datafield>
      <marc:datafield tag="856" ind1=" " ind2=" ">
         <marc:subfield code="u">http://dx.doi.org/10.1103/PhysRevLett.89.257403</marc:subfield>
      </marc:datafield>
   </marc:record>