
   <marc:record>
      <marc:leader>     nam  22     uu 4500</marc:leader>
      <marc:controlfield tag="008">      |           ||||||||||||||||||||||</marc:controlfield>
      <marc:datafield tag="245" ind1="1" ind2="0">
         <marc:subfield code="a">Nanoparticle-Induced Fluorescence Lifetime Modification as Nanoscopic Ruler: Demonstration at the Single Molecule Level</marc:subfield>
      </marc:datafield>
      <marc:datafield tag="700" ind1="1" ind2=" ">
         <marc:subfield code="a">J. Seelig</marc:subfield>
         <marc:subfield code="e">author</marc:subfield>
         <marc:subfield code="u">Laboratory of Physical Chemistry, ETH Zürich, 8093 Zürich, Switzerland, Department of Cell Biology and Genetics, Erasmus Medical Centre, Rotterdam, The Netherlands, and Department of Radiation Oncology, Erasmus Medical Centre, Rotterdam, The Netherlands</marc:subfield>
      </marc:datafield>
      <marc:datafield tag="700" ind1="1" ind2=" ">
         <marc:subfield code="a">K. Leslie</marc:subfield>
         <marc:subfield code="e">author</marc:subfield>
         <marc:subfield code="u">Laboratory of Physical Chemistry, ETH Zürich, 8093 Zürich, Switzerland, Department of Cell Biology and Genetics, Erasmus Medical Centre, Rotterdam, The Netherlands, and Department of Radiation Oncology, Erasmus Medical Centre, Rotterdam, The Netherlands</marc:subfield>
      </marc:datafield>
      <marc:datafield tag="700" ind1="1" ind2=" ">
         <marc:subfield code="a">A. Renn</marc:subfield>
         <marc:subfield code="e">author</marc:subfield>
         <marc:subfield code="u">Laboratory of Physical Chemistry, ETH Zürich, 8093 Zürich, Switzerland, Department of Cell Biology and Genetics, Erasmus Medical Centre, Rotterdam, The Netherlands, and Department of Radiation Oncology, Erasmus Medical Centre, Rotterdam, The Netherlands</marc:subfield>
      </marc:datafield>
      <marc:datafield tag="700" ind1="1" ind2=" ">
         <marc:subfield code="a">S. Kuhn</marc:subfield>
         <marc:subfield code="e">author</marc:subfield>
         <marc:subfield code="u">Laboratory of Physical Chemistry, ETH Zürich, 8093 Zürich, Switzerland, Department of Cell Biology and Genetics, Erasmus Medical Centre, Rotterdam, The Netherlands, and Department of Radiation Oncology, Erasmus Medical Centre, Rotterdam, The Netherlands</marc:subfield>
      </marc:datafield>
      <marc:datafield tag="700" ind1="1" ind2=" ">
         <marc:subfield code="a">V. Jacobsen</marc:subfield>
         <marc:subfield code="e">author</marc:subfield>
         <marc:subfield code="u">Laboratory of Physical Chemistry, ETH Zürich, 8093 Zürich, Switzerland, Department of Cell Biology and Genetics, Erasmus Medical Centre, Rotterdam, The Netherlands, and Department of Radiation Oncology, Erasmus Medical Centre, Rotterdam, The Netherlands</marc:subfield>
      </marc:datafield>
      <marc:datafield tag="700" ind1="1" ind2=" ">
         <marc:subfield code="a">M. van de Corput</marc:subfield>
         <marc:subfield code="e">author</marc:subfield>
         <marc:subfield code="u">Laboratory of Physical Chemistry, ETH Zürich, 8093 Zürich, Switzerland, Department of Cell Biology and Genetics, Erasmus Medical Centre, Rotterdam, The Netherlands, and Department of Radiation Oncology, Erasmus Medical Centre, Rotterdam, The Netherlands</marc:subfield>
      </marc:datafield>
      <marc:datafield tag="700" ind1="1" ind2=" ">
         <marc:subfield code="a">C. Wyman</marc:subfield>
         <marc:subfield code="e">author</marc:subfield>
         <marc:subfield code="u">Laboratory of Physical Chemistry, ETH Zürich, 8093 Zürich, Switzerland, Department of Cell Biology and Genetics, Erasmus Medical Centre, Rotterdam, The Netherlands, and Department of Radiation Oncology, Erasmus Medical Centre, Rotterdam, The Netherlands</marc:subfield>
      </marc:datafield>
      <marc:datafield tag="700" ind1="1" ind2=" ">
         <marc:subfield code="a">V. Sandoghdar</marc:subfield>
         <marc:subfield code="e">author</marc:subfield>
         <marc:subfield code="u">Laboratory of Physical Chemistry, ETH Zürich, 8093 Zürich, Switzerland, Department of Cell Biology and Genetics, Erasmus Medical Centre, Rotterdam, The Netherlands, and Department of Radiation Oncology, Erasmus Medical Centre, Rotterdam, The Netherlands</marc:subfield>
      </marc:datafield>
      
      <marc:datafield tag="655" ind1=" " ind2="7">
         <marc:subfield code="a">journal article</marc:subfield>
      </marc:datafield>
      <marc:datafield tag="655" ind1=" " ind2="7">
         <marc:subfield code="a">article</marc:subfield>
         <marc:subfield code="2">bibtex</marc:subfield>
      </marc:datafield>
      <marc:datafield tag="260" ind1=" " ind2=" "/>
      <marc:datafield tag="520" ind1=" " ind2=" ">
         <marc:subfield code="a">We combine interferometric detection of single gold nanoparticles, single molecule microscopy, and fluorescence lifetime measurement to study the modification of the fluorescence decay rate of an emitter close to a nanoparticle. In our experiment, gold particles with a diameter of 15 nm were attached to single dye molecules via double-stranded DNA of different lengths. Nanoparticle-induced lifetime modification (NPILM) has promise in serving as a nanoscopic ruler for the distance range well beyond 10 nm, which is the upper limit of fluorescence resonant energy transfer (FRET). Furthermore, the simultaneous detection of single nanoparticles and fluorescent molecules presented in this work provides new opportunities for single molecule biophysical studies.</marc:subfield>
      </marc:datafield>
      <marc:datafield tag="773" ind1="0" ind2=" ">
         <marc:subfield code="q">7:3&lt;685</marc:subfield>
         <marc:subfield code="t">Nano Lett.</marc:subfield>
         <marc:subfield code="x">1530-6984</marc:subfield>
      </marc:datafield>
      
      <marc:datafield tag="856" ind1=" " ind2=" ">
         <marc:subfield code="u">10.1021/nl0627590</marc:subfield>
      </marc:datafield>
      <marc:datafield tag="856" ind1=" " ind2=" ">
         <marc:subfield code="u">http://dx.doi.org/10.1021/nl0627590</marc:subfield>
      </marc:datafield>
   </marc:record>