
   <marc:record>
      <marc:leader>     nam  22     uu 4500</marc:leader>
      <marc:controlfield tag="008">      |           ||||||||||||||||||||||</marc:controlfield>
      <marc:datafield tag="245" ind1="1" ind2="0">
         <marc:subfield code="a">Nucleobase-Specific Quenching of Fluorescent Dyes. 1. Nucleobase One-Electron Redox Potentials and Their Correlation with Static and Dynamic Quenching Efficiencies</marc:subfield>
      </marc:datafield>
      <marc:datafield tag="700" ind1="1" ind2=" ">
         <marc:subfield code="a">Claus A. M. Seidel</marc:subfield>
         <marc:subfield code="e">author</marc:subfield>
      </marc:datafield>
      <marc:datafield tag="700" ind1="1" ind2=" ">
         <marc:subfield code="a">Andreas Schulz</marc:subfield>
         <marc:subfield code="e">author</marc:subfield>
      </marc:datafield>
      <marc:datafield tag="700" ind1="1" ind2=" ">
         <marc:subfield code="a">Markus H. M. Sauer</marc:subfield>
         <marc:subfield code="e">author</marc:subfield>
      </marc:datafield>
      
      <marc:datafield tag="655" ind1=" " ind2="7">
         <marc:subfield code="a">journal article</marc:subfield>
      </marc:datafield>
      <marc:datafield tag="655" ind1=" " ind2="7">
         <marc:subfield code="a">article</marc:subfield>
         <marc:subfield code="2">bibtex</marc:subfield>
      </marc:datafield>
      <marc:datafield tag="260" ind1=" " ind2=" "/>
      <marc:datafield tag="520" ind1=" " ind2=" ">
         <marc:subfield code="a">Intermolecular static and dynamic fluorescence quenching constants of eight coumarin derivatives by nucleobase derivatives have been determined in aqueous media. One common sequence of the quenching efficiency has been found for the nucleobases. The feasibility of a photoinduced electron transfer reaction for the nucleobase-specific quenching of fluorescent dyes is investigated by the calculation of the standard free energy changes with the Rehm-Weller equation. A complete set of one-electron redox potential data for the nucleobases are determined electrochemically in aprotic solvents for the first time, which are compared with values obtained by various other methods. Depending on the redox properties of the fluorescent dyes, the sequences of the quenching efficiencies can be rationalized by the orders of electrochemical oxidation potentials (vs NHE) of nucleosides (dG (+1.47 V) &lt; dA &lt; dC dT &lt; U (&gt; +2.39 V)) and reduction potentials (dG (&lt; -2.76 V) &lt; dA &lt; dC &lt; dT &lt; U (-2.07 V)). The correlation between the intermolecular dynamic quenching constants and the standard free energy of photoinduced electron transfer according to the classical Marcus equation indicates that photoinduced electron transfer is the rate-limiting step. However, an additional, water-specific gain of free energy between -0.5 and -0.9 eV shows that additional effects, like a coupled proton transfer and a hydrophobic effect, have to be considered, too. Furthermore, the capability of the nucleobases to form ground state complexes with fluorescent dyes is influenced by their redox potentials. The relevance of these observations to current efforts for DNA sequencing with a detection by laser-induced fluorescence and their application to other dyes are discussed.</marc:subfield>
      </marc:datafield>
      <marc:datafield tag="773" ind1="0" ind2=" ">
         <marc:subfield code="q">100:13&lt;5541</marc:subfield>
         <marc:subfield code="t">J. Phys. Chem.</marc:subfield>
      </marc:datafield>
      
      <marc:datafield tag="856" ind1=" " ind2=" ">
         <marc:subfield code="u">10.1021/jp951507c</marc:subfield>
      </marc:datafield>
      <marc:datafield tag="856" ind1=" " ind2=" ">
         <marc:subfield code="u">http://dx.doi.org/10.1021/jp951507c</marc:subfield>
      </marc:datafield>
   </marc:record>