
   <marc:record>
      <marc:leader>     nam  22     uu 4500</marc:leader>
      <marc:controlfield tag="008">      |           ||||||||||||||||||||||</marc:controlfield>
      <marc:datafield tag="245" ind1="1" ind2="0">
         <marc:subfield code="a">Agarose gels: Properties and use for electrophoresis</marc:subfield>
      </marc:datafield>
      <marc:datafield tag="700" ind1="1" ind2=" ">
         <marc:subfield code="a">Philip Serwer</marc:subfield>
         <marc:subfield code="e">author</marc:subfield>
      </marc:datafield>
      
      <marc:datafield tag="655" ind1=" " ind2="7">
         <marc:subfield code="a">journal article</marc:subfield>
      </marc:datafield>
      <marc:datafield tag="655" ind1=" " ind2="7">
         <marc:subfield code="a">article</marc:subfield>
         <marc:subfield code="2">bibtex</marc:subfield>
      </marc:datafield>
      <marc:datafield tag="260" ind1=" " ind2=" "/>
      <marc:datafield tag="520" ind1=" " ind2=" ">
         <marc:subfield code="a">No Abstract.</marc:subfield>
      </marc:datafield>
      <marc:datafield tag="773" ind1="0" ind2=" ">
         <marc:subfield code="q">4:6&lt;375</marc:subfield>
         <marc:subfield code="t">Electrophoresis</marc:subfield>
      </marc:datafield>
      
      <marc:datafield tag="856" ind1=" " ind2=" ">
         <marc:subfield code="u">10.1002/elps.1150040602</marc:subfield>
      </marc:datafield>
      <marc:datafield tag="856" ind1=" " ind2=" ">
         <marc:subfield code="u">http://dx.doi.org/10.1002/elps.1150040602</marc:subfield>
      </marc:datafield>
   </marc:record>