
   <marc:record>
      <marc:leader>     nam  22     uu 4500</marc:leader>
      <marc:controlfield tag="008">      |           ||||||||||||||||||||||</marc:controlfield>
      <marc:datafield tag="245" ind1="1" ind2="0">
         <marc:subfield code="a">Nanoparticle labels in immunosensing using optical detection methods</marc:subfield>
      </marc:datafield>
      <marc:datafield tag="700" ind1="1" ind2=" ">
         <marc:subfield code="a">Matthias Seydack</marc:subfield>
         <marc:subfield code="e">author</marc:subfield>
      </marc:datafield>
      
      <marc:datafield tag="655" ind1=" " ind2="7">
         <marc:subfield code="a">journal article</marc:subfield>
      </marc:datafield>
      <marc:datafield tag="655" ind1=" " ind2="7">
         <marc:subfield code="a">article</marc:subfield>
         <marc:subfield code="2">bibtex</marc:subfield>
      </marc:datafield>
      <marc:datafield tag="260" ind1=" " ind2=" "/>
      <marc:datafield tag="520" ind1=" " ind2=" ">
         <marc:subfield code="a">Efforts to improve the performance of immunoassays and immunosensors by incorporating different kinds of nanostructures have gained considerable momentum over the last decade. Apart from liposomes, which will not be discussed here, most groups focus on artificial, particulate marker systems, both organic and inorganic. The underlying detection procedures may be based either on electro-magnetical or optical techniques. This review will be confined to the latter only, comprising nanoparticle applications generating signals as diverse as static and time-resolved luminescence, one- and two-photon absorption, Raman and Rayleigh scattering as well as surface plasmon resonance and others. In general, all endeavors cited are geared to achieve one or more of the following goals: lowering of detection limits (if possible, down to single-molecule level), parallel integration of multiple signals (multiplexing), signal amplification by several orders of magnitude and prevention of photobleaching effects with concomitant maintenance of antigen binding specificity and sensitivity. Inorganic nanoparticle labels based on noble metals, semiconductor quantum dots and nanoshells appear to be the most versatile systems for these bioanalytical applications of nanophotonics. (c) 2004 Elsevier B. V. All rights reserved.</marc:subfield>
      </marc:datafield>
      <marc:datafield tag="650" ind1="1" ind2=" ">
         <marc:subfield code="a">prostate-specific antigen</marc:subfield>
         <marc:subfield code="x">time-resolved fluorescence</marc:subfield>
         <marc:subfield code="x">plasmon resonance biosensor</marc:subfield>
         <marc:subfield code="x">enhanced raman-scattering</marc:subfield>
         <marc:subfield code="x">luminescent quantum dots</marc:subfield>
         <marc:subfield code="x">c-reactive protein</marc:subfield>
         <marc:subfield code="x">gold nanoparticles</marc:subfield>
         <marc:subfield code="x">light-scattering</marc:subfield>
         <marc:subfield code="x">colloidal gold</marc:subfield>
         <marc:subfield code="x">real-time</marc:subfield>
      </marc:datafield>
      <marc:datafield tag="773" ind1="0" ind2=" ">
         <marc:subfield code="q">20:12&lt;2454</marc:subfield>
         <marc:subfield code="t">Biosens. Bioelectron.</marc:subfield>
      </marc:datafield>
      
      <marc:datafield tag="856" ind1=" " ind2=" ">
         <marc:subfield code="u">10.1016/j.bios.2004.11.003</marc:subfield>
      </marc:datafield>
      <marc:datafield tag="856" ind1=" " ind2=" ">
         <marc:subfield code="u">http://www.sciencedirect.com/science/article/B6TFC-4F1SVHK-1/2/2cf0e35e466f337f396041110bbbdbbe</marc:subfield>
      </marc:datafield>
      <marc:datafield tag="856" ind1=" " ind2=" ">
         <marc:subfield code="u">http://dx.doi.org/10.1016/j.bios.2004.11.003</marc:subfield>
      </marc:datafield>
   </marc:record>