
   <marc:record>
      <marc:leader>     nam  22     uu 4500</marc:leader>
      <marc:controlfield tag="008">      |           ||||||||||||||||||||||</marc:controlfield>
      <marc:datafield tag="245" ind1="1" ind2="0">
         <marc:subfield code="a">Nonlinear optics of random metal-dielectric films</marc:subfield>
      </marc:datafield>
      <marc:datafield tag="700" ind1="1" ind2=" ">
         <marc:subfield code="a">Vladimir M. Shalaev</marc:subfield>
         <marc:subfield code="e">author</marc:subfield>
      </marc:datafield>
      <marc:datafield tag="700" ind1="1" ind2=" ">
         <marc:subfield code="a">Andrey K. Sarychev</marc:subfield>
         <marc:subfield code="e">author</marc:subfield>
      </marc:datafield>
      
      <marc:datafield tag="655" ind1=" " ind2="7">
         <marc:subfield code="a">journal article</marc:subfield>
      </marc:datafield>
      <marc:datafield tag="655" ind1=" " ind2="7">
         <marc:subfield code="a">article</marc:subfield>
         <marc:subfield code="2">bibtex</marc:subfield>
      </marc:datafield>
      <marc:datafield tag="260" ind1=" " ind2=" "/>
      <marc:datafield tag="520" ind1=" " ind2=" ">
         <marc:subfield code="a">Surface-enhanced optical nonlinearities are studied in a semicontinuous film consisting of metal granules randomly distributed on an insulating substrate. The local fields are very inhomogeneous in such films and consist of strongly localized sharp peaks. In peaks (hot spots), the local fields exceed the applied field by several orders of magnitudes resulting in giant enhancements of the optical nonlinearities. Because of such a pattern for the local field distributions, the nonlinear signals are mostly generated from small nanometer-size areas. The corresponding spatial distributions for the generated fields form, in turn, a set of very sharp peaks on a homogeneous, on average, semicontinuous film. It is shown that the spatial positions of the localized hot spots at the fundamental and generated frequencies are located, in general, in different parts of a film. The local enhancements in the hot spots exceed the average enhancement by several orders of magnitude. The predicted giant local enhancements open fascinating possibilities in nonlinear spectroscopy of single molecules on a semicontinuous metal film. A number of surface-enhanced optical nonlinearities are studied, namely, those that are responsible for the Kerr-effect, four-wave mixing, second-, and third-harmonic generation. The enhancement for nonlinear optical processes is shown to strongly increase toward the long-wavelength part of the spectrum. Spatial distributions of the local fields are calculated in our broad-scale numerical simulations. A scaling theory for the high-order field moments is developed. It predicts that the moments of the local fields are very large and independent of the frequency in a wide spectral range. The theory predicts anomalous field fluctuations and giant enhancements for the nonlinear optical processes, from the visible to the far-infrared spectral range.</marc:subfield>
      </marc:datafield>
      <marc:datafield tag="773" ind1="0" ind2=" ">
         <marc:subfield code="q">57:20&lt;13265</marc:subfield>
         <marc:subfield code="t">Phys. Rev. B</marc:subfield>
      </marc:datafield>
      
      <marc:datafield tag="856" ind1=" " ind2=" ">
         <marc:subfield code="u">10.1103/PhysRevB.57.13265</marc:subfield>
      </marc:datafield>
      <marc:datafield tag="856" ind1=" " ind2=" ">
         <marc:subfield code="u">http://dx.doi.org/10.1103/PhysRevB.57.13265</marc:subfield>
      </marc:datafield>
   </marc:record>