
   <marc:record>
      <marc:leader>     nam  22     uu 4500</marc:leader>
      <marc:controlfield tag="008">      |           ||||||||||||||||||||||</marc:controlfield>
      <marc:datafield tag="245" ind1="1" ind2="0">
         <marc:subfield code="a">Self-Assembled Binary Superlattices of CdSe and Au Nanocrystals and Their Fluorescence Properties</marc:subfield>
      </marc:datafield>
      <marc:datafield tag="700" ind1="1" ind2=" ">
         <marc:subfield code="a">E.V. Shevchenko</marc:subfield>
         <marc:subfield code="e">author</marc:subfield>
         <marc:subfield code="u">The Molecular Foundry, Lawrence Berkeley National Laboratory, Berkeley, California 94720 and Photonics and Optoelectronics Group, Physics Department and Center for Nanoscience (CeNS), Ludwig-Maximilians-Universität München, Amalienstr. 54, 80799 Munich, Germany</marc:subfield>
      </marc:datafield>
      <marc:datafield tag="700" ind1="1" ind2=" ">
         <marc:subfield code="a">M. Ringler</marc:subfield>
         <marc:subfield code="e">author</marc:subfield>
         <marc:subfield code="u">The Molecular Foundry, Lawrence Berkeley National Laboratory, Berkeley, California 94720 and Photonics and Optoelectronics Group, Physics Department and Center for Nanoscience (CeNS), Ludwig-Maximilians-Universität München, Amalienstr. 54, 80799 Munich, Germany</marc:subfield>
      </marc:datafield>
      <marc:datafield tag="700" ind1="1" ind2=" ">
         <marc:subfield code="a">A. Schwemer</marc:subfield>
         <marc:subfield code="e">author</marc:subfield>
         <marc:subfield code="u">The Molecular Foundry, Lawrence Berkeley National Laboratory, Berkeley, California 94720 and Photonics and Optoelectronics Group, Physics Department and Center for Nanoscience (CeNS), Ludwig-Maximilians-Universität München, Amalienstr. 54, 80799 Munich, Germany</marc:subfield>
      </marc:datafield>
      <marc:datafield tag="700" ind1="1" ind2=" ">
         <marc:subfield code="a">D.V. Talapin</marc:subfield>
         <marc:subfield code="e">author</marc:subfield>
         <marc:subfield code="u">The Molecular Foundry, Lawrence Berkeley National Laboratory, Berkeley, California 94720 and Photonics and Optoelectronics Group, Physics Department and Center for Nanoscience (CeNS), Ludwig-Maximilians-Universität München, Amalienstr. 54, 80799 Munich, Germany</marc:subfield>
      </marc:datafield>
      <marc:datafield tag="700" ind1="1" ind2=" ">
         <marc:subfield code="a">T.A. Klar</marc:subfield>
         <marc:subfield code="e">author</marc:subfield>
         <marc:subfield code="u">The Molecular Foundry, Lawrence Berkeley National Laboratory, Berkeley, California 94720 and Photonics and Optoelectronics Group, Physics Department and Center for Nanoscience (CeNS), Ludwig-Maximilians-Universität München, Amalienstr. 54, 80799 Munich, Germany</marc:subfield>
      </marc:datafield>
      <marc:datafield tag="700" ind1="1" ind2=" ">
         <marc:subfield code="a">A.L. Rogach</marc:subfield>
         <marc:subfield code="e">author</marc:subfield>
         <marc:subfield code="u">The Molecular Foundry, Lawrence Berkeley National Laboratory, Berkeley, California 94720 and Photonics and Optoelectronics Group, Physics Department and Center for Nanoscience (CeNS), Ludwig-Maximilians-Universität München, Amalienstr. 54, 80799 Munich, Germany</marc:subfield>
      </marc:datafield>
      <marc:datafield tag="700" ind1="1" ind2=" ">
         <marc:subfield code="a">J. Feldmann</marc:subfield>
         <marc:subfield code="e">author</marc:subfield>
         <marc:subfield code="u">The Molecular Foundry, Lawrence Berkeley National Laboratory, Berkeley, California 94720 and Photonics and Optoelectronics Group, Physics Department and Center for Nanoscience (CeNS), Ludwig-Maximilians-Universität München, Amalienstr. 54, 80799 Munich, Germany</marc:subfield>
      </marc:datafield>
      <marc:datafield tag="700" ind1="1" ind2=" ">
         <marc:subfield code="a">A.P. Alivisatos</marc:subfield>
         <marc:subfield code="e">author</marc:subfield>
         <marc:subfield code="u">The Molecular Foundry, Lawrence Berkeley National Laboratory, Berkeley, California 94720 and Photonics and Optoelectronics Group, Physics Department and Center for Nanoscience (CeNS), Ludwig-Maximilians-Universität München, Amalienstr. 54, 80799 Munich, Germany</marc:subfield>
      </marc:datafield>
      
      <marc:datafield tag="655" ind1=" " ind2="7">
         <marc:subfield code="a">journal article</marc:subfield>
      </marc:datafield>
      <marc:datafield tag="655" ind1=" " ind2="7">
         <marc:subfield code="a">article</marc:subfield>
         <marc:subfield code="2">bibtex</marc:subfield>
      </marc:datafield>
      <marc:datafield tag="260" ind1=" " ind2=" "/>
      <marc:datafield tag="520" ind1=" " ind2=" ">
         <marc:subfield code="a">Different types of Binary Nanoparticle Superlattices (BNSLs) have been self-assembled from monodisperse 8.7 nm CdSe and 5.5 nm Au nanocrystals. Fluorescence spectroscopy studies of AlB2-type BNSL of CdSe and Au nanocrystals revealed considerably decreased fluorescence and a shortened fluorescence lifetime of the CdSe NCs in BNSLs compared to the CdSe-only sample.</marc:subfield>
      </marc:datafield>
      <marc:datafield tag="773" ind1="0" ind2=" ">
         <marc:subfield code="q">130:11&lt;3274</marc:subfield>
         <marc:subfield code="t">J. Am. Chem. Soc.</marc:subfield>
         <marc:subfield code="x">0002-7863</marc:subfield>
      </marc:datafield>
      
      <marc:datafield tag="856" ind1=" " ind2=" ">
         <marc:subfield code="u">10.1021/ja710619s</marc:subfield>
      </marc:datafield>
      <marc:datafield tag="856" ind1=" " ind2=" ">
         <marc:subfield code="u">http://dx.doi.org/10.1021/ja710619s</marc:subfield>
      </marc:datafield>
   </marc:record>