
   <marc:record>
      <marc:leader>     nam  22     uu 4500</marc:leader>
      <marc:controlfield tag="008">      |           ||||||||||||||||||||||</marc:controlfield>
      <marc:datafield tag="245" ind1="1" ind2="0">
         <marc:subfield code="a">Mechanism by which cyanine dyes measure membrane potential in red blood cells and phosphatidylcholine vesicles</marc:subfield>
      </marc:datafield>
      <marc:datafield tag="700" ind1="1" ind2=" ">
         <marc:subfield code="a">Peter J. Sims</marc:subfield>
         <marc:subfield code="e">author</marc:subfield>
      </marc:datafield>
      <marc:datafield tag="700" ind1="1" ind2=" ">
         <marc:subfield code="a">Alan S. Waggoner</marc:subfield>
         <marc:subfield code="e">author</marc:subfield>
      </marc:datafield>
      <marc:datafield tag="700" ind1="1" ind2=" ">
         <marc:subfield code="a">Chao-Huei Wang</marc:subfield>
         <marc:subfield code="e">author</marc:subfield>
      </marc:datafield>
      <marc:datafield tag="700" ind1="1" ind2=" ">
         <marc:subfield code="a">Joseph F. Hoffman</marc:subfield>
         <marc:subfield code="e">author</marc:subfield>
      </marc:datafield>
      
      <marc:datafield tag="655" ind1=" " ind2="7">
         <marc:subfield code="a">journal article</marc:subfield>
      </marc:datafield>
      <marc:datafield tag="655" ind1=" " ind2="7">
         <marc:subfield code="a">article</marc:subfield>
         <marc:subfield code="2">bibtex</marc:subfield>
      </marc:datafield>
      <marc:datafield tag="260" ind1=" " ind2=" "/>
      <marc:datafield tag="520" ind1=" " ind2=" ">
         <marc:subfield code="a">Presented are the results of studies with 29 positively charged cyanine dyes that fluorimetrically respond to valinomycin-induced changes in the membrane potentials of red blood cell and phospholipid vesicle suspensions. Several of the dyes exhibit fluorescence changes in excess of 80% upon membrane hyperpolarization (inside becomes negative). The fluorescence response of the dyes is shown to result from potentialdependent partition of dye molecules between the cells and the extracellular medium. Cell hyperpolarization results in uptake of the dye molecules by the cells, while depolarization results in release of dye. The emission from cell-associated dye becomes significantly quenched as the amount of cell-associated dye increases. We present evidence that suggests that the quenching of cell-associated dye is due to formation of dye aggregates, which have reduced fluorescence.</marc:subfield>
      </marc:datafield>
      <marc:datafield tag="773" ind1="0" ind2=" ">
         <marc:subfield code="q">13:16&lt;3315</marc:subfield>
         <marc:subfield code="t">Biochemistry</marc:subfield>
         <marc:subfield code="x">0006-2960</marc:subfield>
      </marc:datafield>
      
      <marc:datafield tag="856" ind1=" " ind2=" ">
         <marc:subfield code="u">10.1021/bi00713a022</marc:subfield>
      </marc:datafield>
      <marc:datafield tag="856" ind1=" " ind2=" ">
         <marc:subfield code="u">http://dx.doi.org/10.1021/bi00713a022</marc:subfield>
      </marc:datafield>
   </marc:record>