
   <marc:record>
      <marc:leader>     nam  22     uu 4500</marc:leader>
      <marc:controlfield tag="008">      |           ||||||||||||||||||||||</marc:controlfield>
      <marc:datafield tag="245" ind1="1" ind2="0">
         <marc:subfield code="a">Enhancement of Molecular Fluorescence near the Surface of Colloidal Metal Films</marc:subfield>
      </marc:datafield>
      <marc:datafield tag="700" ind1="1" ind2=" ">
         <marc:subfield code="a">Konstantin Sokolov</marc:subfield>
         <marc:subfield code="e">author</marc:subfield>
      </marc:datafield>
      <marc:datafield tag="700" ind1="1" ind2=" ">
         <marc:subfield code="a">George Chumanov</marc:subfield>
         <marc:subfield code="e">author</marc:subfield>
      </marc:datafield>
      <marc:datafield tag="700" ind1="1" ind2=" ">
         <marc:subfield code="a">Therese M. Cotton</marc:subfield>
         <marc:subfield code="e">author</marc:subfield>
      </marc:datafield>
      
      <marc:datafield tag="655" ind1=" " ind2="7">
         <marc:subfield code="a">journal article</marc:subfield>
      </marc:datafield>
      <marc:datafield tag="655" ind1=" " ind2="7">
         <marc:subfield code="a">article</marc:subfield>
         <marc:subfield code="2">bibtex</marc:subfield>
      </marc:datafield>
      <marc:datafield tag="260" ind1=" " ind2=" "/>
      <marc:datafield tag="520" ind1=" " ind2=" ">
         <marc:subfield code="a">Fluorescence enhancement was studied on silver colloidal metal films (CMFs) using two systems: (1) Langmuir-Blodgett monolayers of fluorescein-labeled phospholipids separated from the surface of the films by spacer layers of octadecanoic acid and (2) biotin-fluorescein conjugates captured by avidin molecules adsorbed on top of a multilayer structure formed by alternating layers of bovine serum albumin-biotin conjugate (BSA-biotin) and avidin. The dependence of fluorescence intensity on the number of lipid or protein spacer layers deposited on the surface of the CMF was investigated. The results demonstrate the requirement for adsorbate location within the region between Ag particles for maximal enhancement. The density of avidin molecules on the surface of the BSA-biotin/avidin multilayers adsorbed on the CMF was also determined. A procedure for forming a rigid, uniform silica layer around the Ag particles on the CMF is described. The layer protects the particles from undesirable chemical reactions such as etching by halide ions, for example, and provides the requisite stability for bioanalytical applications. Colloidal films composed of Ag particles covered by  10-nm-thick silica layers were tested for fluorescence enhancement using goat immunoglobulin and a conjugate of rabbit anti-goat immunoglobulin with 6-(N-(7-nitrobenz-2-oxa-1,3-diazol-4-yl)amino)hexanoate. An enhancement factor of  20 was obtained.</marc:subfield>
      </marc:datafield>
      <marc:datafield tag="773" ind1="0" ind2=" ">
         <marc:subfield code="q">70:18&lt;3898</marc:subfield>
         <marc:subfield code="t">Anal. Chem.</marc:subfield>
      </marc:datafield>
      
      <marc:datafield tag="856" ind1=" " ind2=" ">
         <marc:subfield code="u">10.1021/ac9712310</marc:subfield>
      </marc:datafield>
      <marc:datafield tag="856" ind1=" " ind2=" ">
         <marc:subfield code="u">http://dx.doi.org/10.1021/ac9712310</marc:subfield>
      </marc:datafield>
   </marc:record>