
   <marc:record>
      <marc:leader>     nam  22     uu 4500</marc:leader>
      <marc:controlfield tag="008">      |           ||||||||||||||||||||||</marc:controlfield>
      <marc:datafield tag="245" ind1="1" ind2="0">
         <marc:subfield code="a">Gold NanoStoves for Microsecond DNA Melting Analysis</marc:subfield>
      </marc:datafield>
      <marc:datafield tag="700" ind1="1" ind2=" ">
         <marc:subfield code="a">J. Stehr</marc:subfield>
         <marc:subfield code="e">author</marc:subfield>
         <marc:subfield code="u">Photonics and Optoelectronics Group, Physics Department, CeNS, Ludwig-Maximilians-Universität München, Amalienstrasse 54, 80799 Munich, Germany, and Roche Diagnostics GmbH, Nonnenwald 2, 82372 Penzberg, Germany</marc:subfield>
      </marc:datafield>
      <marc:datafield tag="700" ind1="1" ind2=" ">
         <marc:subfield code="a">C. Hrelescu</marc:subfield>
         <marc:subfield code="e">author</marc:subfield>
         <marc:subfield code="u">Photonics and Optoelectronics Group, Physics Department, CeNS, Ludwig-Maximilians-Universität München, Amalienstrasse 54, 80799 Munich, Germany, and Roche Diagnostics GmbH, Nonnenwald 2, 82372 Penzberg, Germany</marc:subfield>
      </marc:datafield>
      <marc:datafield tag="700" ind1="1" ind2=" ">
         <marc:subfield code="a">R.A. Sperling</marc:subfield>
         <marc:subfield code="e">author</marc:subfield>
         <marc:subfield code="u">Photonics and Optoelectronics Group, Physics Department, CeNS, Ludwig-Maximilians-Universität München, Amalienstrasse 54, 80799 Munich, Germany, and Roche Diagnostics GmbH, Nonnenwald 2, 82372 Penzberg, Germany</marc:subfield>
      </marc:datafield>
      <marc:datafield tag="700" ind1="1" ind2=" ">
         <marc:subfield code="a">G. Raschke</marc:subfield>
         <marc:subfield code="e">author</marc:subfield>
         <marc:subfield code="u">Photonics and Optoelectronics Group, Physics Department, CeNS, Ludwig-Maximilians-Universität München, Amalienstrasse 54, 80799 Munich, Germany, and Roche Diagnostics GmbH, Nonnenwald 2, 82372 Penzberg, Germany</marc:subfield>
      </marc:datafield>
      <marc:datafield tag="700" ind1="1" ind2=" ">
         <marc:subfield code="a">M. Wunderlich</marc:subfield>
         <marc:subfield code="e">author</marc:subfield>
         <marc:subfield code="u">Photonics and Optoelectronics Group, Physics Department, CeNS, Ludwig-Maximilians-Universität München, Amalienstrasse 54, 80799 Munich, Germany, and Roche Diagnostics GmbH, Nonnenwald 2, 82372 Penzberg, Germany</marc:subfield>
      </marc:datafield>
      <marc:datafield tag="700" ind1="1" ind2=" ">
         <marc:subfield code="a">A. Nichtl</marc:subfield>
         <marc:subfield code="e">author</marc:subfield>
         <marc:subfield code="u">Photonics and Optoelectronics Group, Physics Department, CeNS, Ludwig-Maximilians-Universität München, Amalienstrasse 54, 80799 Munich, Germany, and Roche Diagnostics GmbH, Nonnenwald 2, 82372 Penzberg, Germany</marc:subfield>
      </marc:datafield>
      <marc:datafield tag="700" ind1="1" ind2=" ">
         <marc:subfield code="a">D. Heindl</marc:subfield>
         <marc:subfield code="e">author</marc:subfield>
         <marc:subfield code="u">Photonics and Optoelectronics Group, Physics Department, CeNS, Ludwig-Maximilians-Universität München, Amalienstrasse 54, 80799 Munich, Germany, and Roche Diagnostics GmbH, Nonnenwald 2, 82372 Penzberg, Germany</marc:subfield>
      </marc:datafield>
      <marc:datafield tag="700" ind1="1" ind2=" ">
         <marc:subfield code="a">K. Kürzinger</marc:subfield>
         <marc:subfield code="e">author</marc:subfield>
         <marc:subfield code="u">Photonics and Optoelectronics Group, Physics Department, CeNS, Ludwig-Maximilians-Universität München, Amalienstrasse 54, 80799 Munich, Germany, and Roche Diagnostics GmbH, Nonnenwald 2, 82372 Penzberg, Germany</marc:subfield>
      </marc:datafield>
      <marc:datafield tag="700" ind1="1" ind2=" ">
         <marc:subfield code="a">W. J. Parak</marc:subfield>
         <marc:subfield code="e">author</marc:subfield>
         <marc:subfield code="u">Photonics and Optoelectronics Group, Physics Department, CeNS, Ludwig-Maximilians-Universität München, Amalienstrasse 54, 80799 Munich, Germany, and Roche Diagnostics GmbH, Nonnenwald 2, 82372 Penzberg, Germany</marc:subfield>
      </marc:datafield>
      <marc:datafield tag="700" ind1="1" ind2=" ">
         <marc:subfield code="a">T. A. Klar</marc:subfield>
         <marc:subfield code="e">author</marc:subfield>
         <marc:subfield code="u">Photonics and Optoelectronics Group, Physics Department, CeNS, Ludwig-Maximilians-Universität München, Amalienstrasse 54, 80799 Munich, Germany, and Roche Diagnostics GmbH, Nonnenwald 2, 82372 Penzberg, Germany</marc:subfield>
      </marc:datafield>
      <marc:datafield tag="700" ind1="1" ind2=" ">
         <marc:subfield code="a">J. Feldmann</marc:subfield>
         <marc:subfield code="e">author</marc:subfield>
         <marc:subfield code="u">Photonics and Optoelectronics Group, Physics Department, CeNS, Ludwig-Maximilians-Universität München, Amalienstrasse 54, 80799 Munich, Germany, and Roche Diagnostics GmbH, Nonnenwald 2, 82372 Penzberg, Germany</marc:subfield>
      </marc:datafield>
      
      <marc:datafield tag="655" ind1=" " ind2="7">
         <marc:subfield code="a">journal article</marc:subfield>
      </marc:datafield>
      <marc:datafield tag="655" ind1=" " ind2="7">
         <marc:subfield code="a">article</marc:subfield>
         <marc:subfield code="2">bibtex</marc:subfield>
      </marc:datafield>
      <marc:datafield tag="260" ind1=" " ind2=" "/>
      <marc:datafield tag="520" ind1=" " ind2=" ">
         <marc:subfield code="a">In traditional DNA melting assays, the temperature of the DNA-containing solution is slowly ramped up. In contrast, we use 300 ns laser pulses to rapidly heat DNA bound gold nanoparticle aggregates. We show that double-stranded DNA melts on a microsecond time scale that leads to a disintegration of the gold nanoparticle aggregates on a millisecond time scale. A perfectly matching and a point-mutated DNA sequence can be clearly distinguished in less than one millisecond even in a 1:1 mixture of both targets.</marc:subfield>
      </marc:datafield>
      <marc:datafield tag="773" ind1="0" ind2=" ">
         <marc:subfield code="q">8:2&lt;619</marc:subfield>
         <marc:subfield code="t">Nano Lett.</marc:subfield>
         <marc:subfield code="x">1530-6984</marc:subfield>
      </marc:datafield>
      
      <marc:datafield tag="856" ind1=" " ind2=" ">
         <marc:subfield code="u">10.1021/nl073028i</marc:subfield>
      </marc:datafield>
      <marc:datafield tag="856" ind1=" " ind2=" ">
         <marc:subfield code="u">http://dx.doi.org/10.1021/nl073028i</marc:subfield>
      </marc:datafield>
   </marc:record>