
   <marc:record>
      <marc:leader>     nam  22     uu 4500</marc:leader>
      <marc:controlfield tag="008">      |           ||||||||||||||||||||||</marc:controlfield>
      <marc:datafield tag="245" ind1="1" ind2="0">
         <marc:subfield code="a">Sequence-Dependent Stability of DNA-Modified Gold Nanoparticles</marc:subfield>
      </marc:datafield>
      <marc:datafield tag="700" ind1="1" ind2=" ">
         <marc:subfield code="a">James J. Storhoff</marc:subfield>
         <marc:subfield code="e">author</marc:subfield>
      </marc:datafield>
      <marc:datafield tag="700" ind1="1" ind2=" ">
         <marc:subfield code="a">Robert Elghanian</marc:subfield>
         <marc:subfield code="e">author</marc:subfield>
      </marc:datafield>
      <marc:datafield tag="700" ind1="1" ind2=" ">
         <marc:subfield code="a">Chad A. Mirkin</marc:subfield>
         <marc:subfield code="e">author</marc:subfield>
      </marc:datafield>
      <marc:datafield tag="700" ind1="1" ind2=" ">
         <marc:subfield code="a">Robert L. Letsinger</marc:subfield>
         <marc:subfield code="e">author</marc:subfield>
      </marc:datafield>
      
      <marc:datafield tag="655" ind1=" " ind2="7">
         <marc:subfield code="a">journal article</marc:subfield>
      </marc:datafield>
      <marc:datafield tag="655" ind1=" " ind2="7">
         <marc:subfield code="a">article</marc:subfield>
         <marc:subfield code="2">bibtex</marc:subfield>
      </marc:datafield>
      <marc:datafield tag="260" ind1=" " ind2=" "/>
      <marc:datafield tag="520" ind1=" " ind2=" ">
         <marc:subfield code="a">The binding affinity of deoxynucleosides (dA, dG, dC, and dT) to gold nanoparticles was studied using a colorimetric assay to determine if nucleobase sequence may play a role in binding alkanethiol-capped oligonucleotides to gold nanoparticles. These data indicate that the deoxynucleoside dT has a much lower binding affinity to the gold nanoparticle surface than the deoxynucleosides dG, dC, and dA. These data can be correlated with a previous study in our lab which indicated that alkanethiol-capped oligonucleotides containing (dT)20 spacers have a significantly higher surface coverage than oligonucleotides containing (dA)20 spacers. To probe the physical consequences of this phenomenon, gold nanoparticles were loaded with alkanethiol-capped poly dT, dA, and dC oligonucleotide sequences of 5-20 bases in length, and the stabilities of the particles in electrolytic media were measured by monitoring a colorimetric change associated with particle agglomeration. The gold nanoparticles loaded with alkanethiol-capped poly dT oligonucleotides exhibited a dramatic increase in stability as the oligonucleotide length was increased from 5 to 20 bases. By comparison, gold nanoparticles loaded with poly dC and poly dA sequences exhibited only a slight increase in stability as the oligonucleotide length was increased. The sequence-dependent stability observed for the DNA-modified gold nanoparticles is attributed to the weaker interaction of the deoxynucleoside dT with the gold nanoparticle surface which results in higher surface coverages and consequently enhanced stability as the oligonucleotide length is increased.</marc:subfield>
      </marc:datafield>
      <marc:datafield tag="650" ind1="1" ind2=" ">
         <marc:subfield code="a">enhanced raman-scattering</marc:subfield>
         <marc:subfield code="x">probes</marc:subfield>
         <marc:subfield code="x">polynucleotides</marc:subfield>
         <marc:subfield code="x">hybridization</marc:subfield>
         <marc:subfield code="x">aggregation</marc:subfield>
         <marc:subfield code="x">resonance</marc:subfield>
         <marc:subfield code="x">colloids</marc:subfield>
         <marc:subfield code="x">size</marc:subfield>
      </marc:datafield>
      <marc:datafield tag="773" ind1="0" ind2=" ">
         <marc:subfield code="q">18:17&lt;6666</marc:subfield>
         <marc:subfield code="t">Langmuir</marc:subfield>
      </marc:datafield>
      
      <marc:datafield tag="856" ind1=" " ind2=" ">
         <marc:subfield code="u">10.1021/la0202428</marc:subfield>
      </marc:datafield>
      <marc:datafield tag="856" ind1=" " ind2=" ">
         <marc:subfield code="u">http://dx.doi.org/10.1021/la0202428</marc:subfield>
      </marc:datafield>
   </marc:record>