
   <marc:record>
      <marc:leader>     nam  22     uu 4500</marc:leader>
      <marc:controlfield tag="008">      |           ||||||||||||||||||||||</marc:controlfield>
      <marc:datafield tag="245" ind1="1" ind2="0">
         <marc:subfield code="a">One-Pot Colorimetric Differentiation of Polynucleotides with Single Base Imperfections Using Gold Nanoparticle Probes</marc:subfield>
      </marc:datafield>
      <marc:datafield tag="700" ind1="1" ind2=" ">
         <marc:subfield code="a">James J. Storhoff</marc:subfield>
         <marc:subfield code="e">author</marc:subfield>
      </marc:datafield>
      <marc:datafield tag="700" ind1="1" ind2=" ">
         <marc:subfield code="a">Robert Elghanian</marc:subfield>
         <marc:subfield code="e">author</marc:subfield>
      </marc:datafield>
      <marc:datafield tag="700" ind1="1" ind2=" ">
         <marc:subfield code="a">Robert C. Mucic</marc:subfield>
         <marc:subfield code="e">author</marc:subfield>
      </marc:datafield>
      <marc:datafield tag="700" ind1="1" ind2=" ">
         <marc:subfield code="a">Chad A. Mirkin</marc:subfield>
         <marc:subfield code="e">author</marc:subfield>
      </marc:datafield>
      <marc:datafield tag="700" ind1="1" ind2=" ">
         <marc:subfield code="a">Robert L. Letsinger</marc:subfield>
         <marc:subfield code="e">author</marc:subfield>
      </marc:datafield>
      
      <marc:datafield tag="655" ind1=" " ind2="7">
         <marc:subfield code="a">journal article</marc:subfield>
      </marc:datafield>
      <marc:datafield tag="655" ind1=" " ind2="7">
         <marc:subfield code="a">article</marc:subfield>
         <marc:subfield code="2">bibtex</marc:subfield>
      </marc:datafield>
      <marc:datafield tag="260" ind1=" " ind2=" "/>
      <marc:datafield tag="520" ind1=" " ind2=" ">
         <marc:subfield code="a">Selective colorimetric polynucleotide detection based on Au nanoparticle probes which align in a "tail-to-tail" fashion onto a target polynucleotide is described. In this new nanoparticle-based detection system, Au particles ( 13 nm diameter), which are capped with 3'- and 5'-(alkanethiol)oligonucleotides, are used to complex a 24-base polynucleotide target. Hybridization of the target with the probes results in the formation of an extended polymeric Au nanoparticle/polynucleotide aggregate, which triggers a red to purple color change in solution. The color change is due to a red shift in the surface plasmon resonance of the Au nanoparticles. The aggregates exhibit characteristic, exceptionally sharp "melting transitions" (monitored at 260 or 700 nm), which allows one to distinguish target sequences that contain one base end mismatches, deletions, or an insertion from the fully complementary target. When test solutions are spotted onto a C18 reverse-phase thin-layer chromatography plate, color differentiation is enhanced and a permanent record of the test is obtained, thereby providing a better method for distinguishing the aforementioned target sequences. Significantly, one-pot colorimetric detection of the target in the presence of four strands with single base imperfections can be accomplished with this new probe system</marc:subfield>
      </marc:datafield>
      <marc:datafield tag="650" ind1="1" ind2=" ">
         <marc:subfield code="a">oligonucleotide arrays</marc:subfield>
         <marc:subfield code="x">dna</marc:subfield>
         <marc:subfield code="x">hybridization</marc:subfield>
         <marc:subfield code="x">sequence</marc:subfield>
      </marc:datafield>
      <marc:datafield tag="773" ind1="0" ind2=" ">
         <marc:subfield code="q">120:9&lt;1959</marc:subfield>
         <marc:subfield code="t">J. Am. Chem. Soc.</marc:subfield>
      </marc:datafield>
      
      <marc:datafield tag="856" ind1=" " ind2=" ">
         <marc:subfield code="u">10.1021/ja972332i</marc:subfield>
      </marc:datafield>
      <marc:datafield tag="856" ind1=" " ind2=" ">
         <marc:subfield code="u">http://dx.doi.org/10.1021/ja972332i</marc:subfield>
      </marc:datafield>
   </marc:record>