
   <marc:record>
      <marc:leader>     nam  22     uu 4500</marc:leader>
      <marc:controlfield tag="008">      |           ||||||||||||||||||||||</marc:controlfield>
      <marc:datafield tag="245" ind1="1" ind2="0">
         <marc:subfield code="a">Strategies for Organizing Nanoparticles into Aggregate Structures and Functional Materials</marc:subfield>
      </marc:datafield>
      <marc:datafield tag="700" ind1="1" ind2=" ">
         <marc:subfield code="a">James J. Storhoff</marc:subfield>
         <marc:subfield code="e">author</marc:subfield>
      </marc:datafield>
      <marc:datafield tag="700" ind1="1" ind2=" ">
         <marc:subfield code="a">Robert C. Mucic</marc:subfield>
         <marc:subfield code="e">author</marc:subfield>
      </marc:datafield>
      <marc:datafield tag="700" ind1="1" ind2=" ">
         <marc:subfield code="a">Chad A Mirkin</marc:subfield>
         <marc:subfield code="e">author</marc:subfield>
      </marc:datafield>
      
      <marc:datafield tag="655" ind1=" " ind2="7">
         <marc:subfield code="a">journal article</marc:subfield>
      </marc:datafield>
      <marc:datafield tag="655" ind1=" " ind2="7">
         <marc:subfield code="a">article</marc:subfield>
         <marc:subfield code="2">bibtex</marc:subfield>
      </marc:datafield>
      <marc:datafield tag="260" ind1=" " ind2=" "/>
      <marc:datafield tag="520" ind1=" " ind2=" ">
         <marc:subfield code="a">In this review, we focus on some of the most successful approaches to date for organizing nanoparticles into macroscopic aggregates and functional materials. The preparation and resulting properties of two- and three-dimensional arrays of nanoparticles are detailed, and some potential uses for these materials are discussed. Although many types of nanoparticles can be organized into such structures, this review focuses specifically on Au and CdE (E=S, Se) nanoparticles. Gold nanoparticles are easily prepared, highly stable, well-studied, and excellent models for other metal colloids. CdE colloids are the most extensively studied semiconductor nanoparticles and hold much promise in the optoelectronics field.</marc:subfield>
      </marc:datafield>
      <marc:datafield tag="650" ind1="1" ind2=" ">
         <marc:subfield code="a">Aggregate structures</marc:subfield>
         <marc:subfield code="x">gold</marc:subfield>
         <marc:subfield code="x">DNA</marc:subfield>
         <marc:subfield code="x">cadmium sulfide</marc:subfield>
         <marc:subfield code="x">cadmium selenide</marc:subfield>
      </marc:datafield>
      <marc:datafield tag="773" ind1="0" ind2=" ">
         <marc:subfield code="q">8:2&lt;179</marc:subfield>
         <marc:subfield code="t">Journal of Cluster Science</marc:subfield>
      </marc:datafield>
      
      <marc:datafield tag="856" ind1=" " ind2=" ">
         <marc:subfield code="u">10.1023/A:1022632007869</marc:subfield>
      </marc:datafield>
      <marc:datafield tag="856" ind1=" " ind2=" ">
         <marc:subfield code="u">http://dx.doi.org/10.1023/A:1022632007869</marc:subfield>
      </marc:datafield>
   </marc:record>