
   <marc:record>
      <marc:leader>     nam  22     uu 4500</marc:leader>
      <marc:controlfield tag="008">      |           ||||||||||||||||||||||</marc:controlfield>
      <marc:datafield tag="245" ind1="1" ind2="0">
         <marc:subfield code="a">Plasmonic enhancement of fluorescence for sensor applications</marc:subfield>
      </marc:datafield>
      <marc:datafield tag="700" ind1="1" ind2=" ">
         <marc:subfield code="a">O. Stranik</marc:subfield>
         <marc:subfield code="e">author</marc:subfield>
      </marc:datafield>
      <marc:datafield tag="700" ind1="1" ind2=" ">
         <marc:subfield code="a">H. M. McEvoy</marc:subfield>
         <marc:subfield code="e">author</marc:subfield>
      </marc:datafield>
      <marc:datafield tag="700" ind1="1" ind2=" ">
         <marc:subfield code="a">C. McDonagh</marc:subfield>
         <marc:subfield code="e">author</marc:subfield>
      </marc:datafield>
      <marc:datafield tag="700" ind1="1" ind2=" ">
         <marc:subfield code="a">B. D. MacCraith</marc:subfield>
         <marc:subfield code="e">author</marc:subfield>
      </marc:datafield>
      
      <marc:datafield tag="655" ind1=" " ind2="7">
         <marc:subfield code="a">journal article</marc:subfield>
      </marc:datafield>
      <marc:datafield tag="655" ind1=" " ind2="7">
         <marc:subfield code="a">article</marc:subfield>
         <marc:subfield code="2">bibtex</marc:subfield>
      </marc:datafield>
      <marc:datafield tag="260" ind1=" " ind2=" "/>
      <marc:datafield tag="520" ind1=" " ind2=" ">
         <marc:subfield code="a">In this work we report on the so-called plasmonic enhancement effect, whereby the presence of metallic surfaces or particles in the vicinity of a fluorophore can dramatically alter the fluorescence emission and absorption properties of a fluorophore. The effect, which is associated with the surface plasmon resonance of the metallic surface, depends on parameters such as metal type, particle size, fluorophore type, and fluorophore-particle separation. This work focuses on the creation of metal nanoparticle arrays by a lithographic process and on optimisation strategies to maximise the fluorescence enhancement of dyes in the vicinity of the nanoparticles, for important applications such as fluorescence-based biochip platforms. Ordered arrays of metallic nano-islands were fabricated on glass substrates by a process of natural lithography using monodisperse polystyrene nanospheres. The metal particle dimensions were tailored in order to tune the plasmon resonance wavelength to match the spectral absorption of the fluorophore. The fluorophore, Cy5 dye, which is widely used in optical immunoassays and has a medium quantum efficiency (similar to 0.3), was used in this preliminary study of the plasmonic enhancement effect. The morphology of the metallic arrays was investigated using scanning electron microscopy (SEM) and atomic force microscopy (AFM). Absorption and emission spectroscopies were used to elucidate the enhancement effect and its dependence on metal island morphology. Results were correlated with existing theoretical models. The applicability of this important technique to sensor platforms, such as fluorescence-based biochips, is also discussed. (c) 2004 Elsevier B.V. All rights reserved.</marc:subfield>
      </marc:datafield>
      <marc:datafield tag="650" ind1="1" ind2=" ">
         <marc:subfield code="a">silver nanoparticles</marc:subfield>
         <marc:subfield code="x">gold nanoparticles</marc:subfield>
         <marc:subfield code="x">optical-properties</marc:subfield>
         <marc:subfield code="x">lithography</marc:subfield>
         <marc:subfield code="x">absorption</marc:subfield>
         <marc:subfield code="x">surface</marc:subfield>
      </marc:datafield>
      <marc:datafield tag="773" ind1="0" ind2=" ">
         <marc:subfield code="q">107:1&lt;148</marc:subfield>
         <marc:subfield code="t">Sens. Actuator B-Chem.</marc:subfield>
      </marc:datafield>
      
      <marc:datafield tag="856" ind1=" " ind2=" ">
         <marc:subfield code="u">10.1016/j.snb.2004.08.032</marc:subfield>
      </marc:datafield>
      <marc:datafield tag="856" ind1=" " ind2=" ">
         <marc:subfield code="u">http://www.sciencedirect.com/science/article/B6THH-4DVBVFV-3/2/f626d3de0f0eafddc77cd0a23ebf4e11</marc:subfield>
      </marc:datafield>
      <marc:datafield tag="856" ind1=" " ind2=" ">
         <marc:subfield code="u">http://dx.doi.org/10.1016/j.snb.2004.08.032</marc:subfield>
      </marc:datafield>
   </marc:record>