
   <marc:record>
      <marc:leader>     nam  22     uu 4500</marc:leader>
      <marc:controlfield tag="008">      s1941       ||||| ||||||||||||||||</marc:controlfield>
      <marc:datafield tag="245" ind1="1" ind2="0">
         <marc:subfield code="a">Electromagnetic theory</marc:subfield>
      </marc:datafield>
      <marc:datafield tag="700" ind1="1" ind2=" ">
         <marc:subfield code="a">Julius Adams Stratton</marc:subfield>
         <marc:subfield code="e">author</marc:subfield>
      </marc:datafield>
      
      <marc:datafield tag="655" ind1=" " ind2="7">
         <marc:subfield code="a">book</marc:subfield>
         <marc:subfield code="2">bibtex</marc:subfield>
      </marc:datafield>
      <marc:datafield tag="260" ind1=" " ind2=" ">
         <marc:subfield code="b">McGraw-Hill, New York and London</marc:subfield>
         <marc:subfield code="c">1941</marc:subfield>
      </marc:datafield>
      
         
      
      <marc:datafield tag="440" ind1=" " ind2=" ">
         <marc:subfield code="a">International Series in Pure and Applied Physics</marc:subfield>
      </marc:datafield>
      
   </marc:record>