
   <marc:record>
      <marc:leader>     nam  22     uu 4500</marc:leader>
      <marc:controlfield tag="008">      |           ||||||||||||||||||||||</marc:controlfield>
      <marc:datafield tag="245" ind1="1" ind2="0">
         <marc:subfield code="a">Fluorescence imaging with a laser trapping scanning near-field optical microscope</marc:subfield>
      </marc:datafield>
      <marc:datafield tag="700" ind1="1" ind2=" ">
         <marc:subfield code="a">T. Sugiura</marc:subfield>
         <marc:subfield code="e">author</marc:subfield>
      </marc:datafield>
      <marc:datafield tag="700" ind1="1" ind2=" ">
         <marc:subfield code="a">S. Kawata</marc:subfield>
         <marc:subfield code="e">author</marc:subfield>
      </marc:datafield>
      <marc:datafield tag="700" ind1="1" ind2=" ">
         <marc:subfield code="a">T. Okada</marc:subfield>
         <marc:subfield code="e">author</marc:subfield>
      </marc:datafield>
      
      <marc:datafield tag="655" ind1=" " ind2="7">
         <marc:subfield code="a">journal article</marc:subfield>
      </marc:datafield>
      <marc:datafield tag="655" ind1=" " ind2="7">
         <marc:subfield code="a">article</marc:subfield>
         <marc:subfield code="2">bibtex</marc:subfield>
      </marc:datafield>
      <marc:datafield tag="260" ind1=" " ind2=" "/>
      <marc:datafield tag="520" ind1=" " ind2=" ">
         <marc:subfield code="a">We investigated fluorescence imaging using a near-field scanning optical microscope which uses a laser-stabilized gold nanoparticle as a near-field probe. This microscope is suitable for observations of biological specimens in aqueous solutions because the probe particle is held by a noncontact force exerted by a laser beam. Theoretical calculations based on Mie scattering theory are presented to evaluate the near-field enhancement by a gold particle of 40 nm diameter. We also present fluorescence images of a single fluorescent bead and discuss the near-field contribution to the fluorescence image in this type of microscope.</marc:subfield>
      </marc:datafield>
      <marc:datafield tag="650" ind1="1" ind2=" ">
         <marc:subfield code="a">Fluorescence microscopy</marc:subfield>
         <marc:subfield code="x">gold colloidal particle</marc:subfield>
         <marc:subfield code="x">laser tweezer</marc:subfield>
         <marc:subfield code="x">nearÆeld scanning optical microscopy</marc:subfield>
         <marc:subfield code="x">radiation pressure</marc:subfield>
         <marc:subfield code="x">Rayleigh scattering</marc:subfield>
      </marc:datafield>
      <marc:datafield tag="773" ind1="0" ind2=" ">
         <marc:subfield code="q">194:2-3&lt;291</marc:subfield>
         <marc:subfield code="t">J. Microsc.</marc:subfield>
      </marc:datafield>
      
      <marc:datafield tag="856" ind1=" " ind2=" ">
         <marc:subfield code="u">10.1046/j.1365-2818.1999.00523.x</marc:subfield>
      </marc:datafield>
      <marc:datafield tag="856" ind1=" " ind2=" ">
         <marc:subfield code="u">http://www.blackwell-synergy.com/links/doi/10.1046/j.1365-2818.1999.00523.x/abs</marc:subfield>
      </marc:datafield>
      <marc:datafield tag="856" ind1=" " ind2=" ">
         <marc:subfield code="u">http://dx.doi.org/10.1046/j.1365-2818.1999.00523.x</marc:subfield>
      </marc:datafield>
   </marc:record>