
   <marc:record>
      <marc:leader>     nam  22     uu 4500</marc:leader>
      <marc:controlfield tag="008">      |           ||||||||||||||||||||||</marc:controlfield>
      <marc:datafield tag="245" ind1="1" ind2="0">
         <marc:subfield code="a">Probing nanoscale surface enhanced Raman-scattering fluctuation dynamics using correlated AFM and confocal ultramicroscopy</marc:subfield>
      </marc:datafield>
      <marc:datafield tag="700" ind1="1" ind2=" ">
         <marc:subfield code="a">Yung Doug Suh</marc:subfield>
         <marc:subfield code="e">author</marc:subfield>
      </marc:datafield>
      <marc:datafield tag="700" ind1="1" ind2=" ">
         <marc:subfield code="a">Gregory K. Schenter</marc:subfield>
         <marc:subfield code="e">author</marc:subfield>
      </marc:datafield>
      <marc:datafield tag="700" ind1="1" ind2=" ">
         <marc:subfield code="a">Leyun Zhu</marc:subfield>
         <marc:subfield code="e">author</marc:subfield>
      </marc:datafield>
      <marc:datafield tag="700" ind1="1" ind2=" ">
         <marc:subfield code="a">H. Peter Lu</marc:subfield>
         <marc:subfield code="e">author</marc:subfield>
      </marc:datafield>
      
      <marc:datafield tag="655" ind1=" " ind2="7">
         <marc:subfield code="a">journal article</marc:subfield>
      </marc:datafield>
      <marc:datafield tag="655" ind1=" " ind2="7">
         <marc:subfield code="a">article</marc:subfield>
         <marc:subfield code="2">bibtex</marc:subfield>
      </marc:datafield>
      <marc:datafield tag="260" ind1=" " ind2=" "/>
      <marc:datafield tag="520" ind1=" " ind2=" ">
         <marc:subfield code="a">We have studied the laser-excitation-intensity-dependent and Ag-nanocluster interstitial-site-dependent SERS intensity fluctuations under low molecule surface coverage of rhodamine 6G and cytochrome c. A new two-channel photon time-stamping system coupled with atomic force microscopic (AFM), Raman spectroscopic, and imaging microscopy was developed and applied to record Raman intensity fluctuation trajectories at sub-microsecond resolution correlated with in situ characterization of the nanoparticle clusters. Our experimental results suggest that the nanoconfinement of the local electromagnetic-field enhancement and the interaction of the local field with the molecules, presumably under rotational motions, result in nano-Raman fluctuations. The SERS spectral fluctuation was pertinent to the nanoscale local enhancement and local interaction of the molecules with the surface when the surface coverage of the nanoparticles was less than a monolayer, and the nanoscale interstitial space controlled the finite number of molecules to contribute the microscopic Raman signal collected from a diffraction-limited focus spot. The fluctuation amplitude significantly decreased with the number of molecules confined at the nanolocal field. The nano-SERS fluctuation dynamics were both photo-induced and spontaneous for rhodamine 6G, but only the photo-induced component was observable for cytochrome c. The fluctuation dynamics were also found to be highly inhomogeneous at interstitial sites with heterogeneous geometries. To interpret the observed nano-SERS fluctuation dynamics, we used computer simulation of optical multiple scattering, based on multi-sphere scattering Mie theory, and rotational diffusion of molecules at an interstitial site, based on a random walk in orientation space.</marc:subfield>
      </marc:datafield>
      <marc:datafield tag="650" ind1="1" ind2=" ">
         <marc:subfield code="a">AFM</marc:subfield>
         <marc:subfield code="x">SERS</marc:subfield>
         <marc:subfield code="x">Spectral fluctuation dynamics</marc:subfield>
         <marc:subfield code="x">Single-molecule spectroscopy</marc:subfield>
         <marc:subfield code="x">Single-particle spectroscopy</marc:subfield>
         <marc:subfield code="x">SERS</marc:subfield>
         <marc:subfield code="x">Aggregates</marc:subfield>
      </marc:datafield>
      <marc:datafield tag="773" ind1="0" ind2=" ">
         <marc:subfield code="q">97:1-4&lt;89</marc:subfield>
         <marc:subfield code="t">Ultramicroscopy</marc:subfield>
      </marc:datafield>
      
      <marc:datafield tag="856" ind1=" " ind2=" ">
         <marc:subfield code="u">10.1016/S0304-3991(03)00033-0</marc:subfield>
      </marc:datafield>
      <marc:datafield tag="856" ind1=" " ind2=" ">
         <marc:subfield code="u">http://dx.doi.org/10.1016/S0304-3991(03)00033-0</marc:subfield>
      </marc:datafield>
   </marc:record>