
   <marc:record>
      <marc:leader>     nam  22     uu 4500</marc:leader>
      <marc:controlfield tag="008">      |           ||||||||||||||||||||||</marc:controlfield>
      <marc:datafield tag="245" ind1="1" ind2="0">
         <marc:subfield code="a">On the importance of optical forces in surface-enhanced Raman scattering (SERS)</marc:subfield>
      </marc:datafield>
      <marc:datafield tag="700" ind1="1" ind2=" ">
         <marc:subfield code="a">Fredrik Svedberg</marc:subfield>
         <marc:subfield code="e">author</marc:subfield>
      </marc:datafield>
      <marc:datafield tag="700" ind1="1" ind2=" ">
         <marc:subfield code="a">Mikael Käll</marc:subfield>
         <marc:subfield code="e">author</marc:subfield>
      </marc:datafield>
      
      <marc:datafield tag="655" ind1=" " ind2="7">
         <marc:subfield code="a">journal article</marc:subfield>
      </marc:datafield>
      <marc:datafield tag="655" ind1=" " ind2="7">
         <marc:subfield code="a">article</marc:subfield>
         <marc:subfield code="2">bibtex</marc:subfield>
      </marc:datafield>
      <marc:datafield tag="260" ind1=" " ind2=" "/>
      <marc:datafield tag="520" ind1=" " ind2=" ">
         <marc:subfield code="a">This contribution reports on the combination of optical tweezers with SERS spectroscopy of colloidal silver nanoparticles covered by thiophenol. The experimental design is based on two different laser beams, one used for Raman excitation (lambda = 514.5 nm) and one for optical tweezing (lambda = 830 nm). For a fixed Raman excitation power, the SERS signal from thiophenol is found to increase dramatically when the trapping laser is activated. This result is interpreted as a combination of two effects, an accumulation of nanoparticles in the optical trap and an optically induced aggregation of these nanoparticles.</marc:subfield>
      </marc:datafield>
      <marc:datafield tag="773" ind1="0" ind2=" ">
         <marc:subfield code="q">132&lt;35</marc:subfield>
         <marc:subfield code="t">Faraday Discuss.</marc:subfield>
      </marc:datafield>
      
      <marc:datafield tag="856" ind1=" " ind2=" ">
         <marc:subfield code="u">10.1039/b509301p</marc:subfield>
      </marc:datafield>
      <marc:datafield tag="856" ind1=" " ind2=" ">
         <marc:subfield code="u">http://dx.doi.org/10.1039/b509301p</marc:subfield>
      </marc:datafield>
   </marc:record>