
   <marc:record>
      <marc:leader>     nam  22     uu 4500</marc:leader>
      <marc:controlfield tag="008">      |           ||||||||||||||||||||||</marc:controlfield>
      <marc:datafield tag="245" ind1="1" ind2="0">
         <marc:subfield code="a">Plasmonic Enhancement of Molecular Fluorescence</marc:subfield>
      </marc:datafield>
      <marc:datafield tag="700" ind1="1" ind2=" ">
         <marc:subfield code="a">Felicia Tam</marc:subfield>
         <marc:subfield code="e">author</marc:subfield>
         <marc:subfield code="u">Department of Physics and Astronomy, Department of Chemistry, Department of Electrical and Computer Engineering, and The Laboratory for Nanophotonics, Rice University, 6100 Main Street, Houston, Texas 77005, and Nanospectra Biosciences, Inc., 8285 El Rio Street, Suite 150, Houston, Texas 77054</marc:subfield>
      </marc:datafield>
      <marc:datafield tag="700" ind1="1" ind2=" ">
         <marc:subfield code="a">Glenn P. Goodrich</marc:subfield>
         <marc:subfield code="e">author</marc:subfield>
         <marc:subfield code="u">Department of Physics and Astronomy, Department of Chemistry, Department of Electrical and Computer Engineering, and The Laboratory for Nanophotonics, Rice University, 6100 Main Street, Houston, Texas 77005, and Nanospectra Biosciences, Inc., 8285 El Rio Street, Suite 150, Houston, Texas 77054</marc:subfield>
      </marc:datafield>
      <marc:datafield tag="700" ind1="1" ind2=" ">
         <marc:subfield code="a">Bruce R. Johnson</marc:subfield>
         <marc:subfield code="e">author</marc:subfield>
         <marc:subfield code="u">Department of Physics and Astronomy, Department of Chemistry, Department of Electrical and Computer Engineering, and The Laboratory for Nanophotonics, Rice University, 6100 Main Street, Houston, Texas 77005, and Nanospectra Biosciences, Inc., 8285 El Rio Street, Suite 150, Houston, Texas 77054</marc:subfield>
      </marc:datafield>
      <marc:datafield tag="700" ind1="1" ind2=" ">
         <marc:subfield code="a">Naomi J. Halas</marc:subfield>
         <marc:subfield code="e">author</marc:subfield>
         <marc:subfield code="u">Department of Physics and Astronomy, Department of Chemistry, Department of Electrical and Computer Engineering, and The Laboratory for Nanophotonics, Rice University, 6100 Main Street, Houston, Texas 77005, and Nanospectra Biosciences, Inc., 8285 El Rio Street, Suite 150, Houston, Texas 77054</marc:subfield>
      </marc:datafield>
      
      <marc:datafield tag="655" ind1=" " ind2="7">
         <marc:subfield code="a">journal article</marc:subfield>
      </marc:datafield>
      <marc:datafield tag="655" ind1=" " ind2="7">
         <marc:subfield code="a">article</marc:subfield>
         <marc:subfield code="2">bibtex</marc:subfield>
      </marc:datafield>
      <marc:datafield tag="260" ind1=" " ind2=" "/>
      <marc:datafield tag="520" ind1=" " ind2=" ">
         <marc:subfield code="a">Abstract: Metallic nanoparticles are known to dramatically modify the spontaneous emission of nearby fluorescent molecules and materials. Here we examine the role of the nanoparticle plasmon resonance energy and nanoparticle scattering cross section on the fluorescence enhancement of adjacent indocyanine green (ICG) dye molecules. We find that enhancement of the molecular fluorescence by more than a factor of 50 can be achieved for ICG next to a nanoparticle with a large scattering cross section and a plasmon resonance frequency corresponding to the emission frequency of the molecule.</marc:subfield>
      </marc:datafield>
      <marc:datafield tag="773" ind1="0" ind2=" ">
         <marc:subfield code="q">7:2&lt;496</marc:subfield>
         <marc:subfield code="t">Nano Lett.</marc:subfield>
         <marc:subfield code="x">1530-6984</marc:subfield>
      </marc:datafield>
      
      <marc:datafield tag="856" ind1=" " ind2=" ">
         <marc:subfield code="u">10.1021/nl062901x</marc:subfield>
      </marc:datafield>
      <marc:datafield tag="856" ind1=" " ind2=" ">
         <marc:subfield code="u">http://dx.doi.org/10.1021/nl062901x</marc:subfield>
      </marc:datafield>
   </marc:record>