
   <marc:record>
      <marc:leader>     nam  22     uu 4500</marc:leader>
      <marc:controlfield tag="008">      |           ||||||||||||||||||||||</marc:controlfield>
      <marc:datafield tag="245" ind1="1" ind2="0">
         <marc:subfield code="a">Resonant light scattering from individual Ag nanoparticles and particle pairs</marc:subfield>
      </marc:datafield>
      <marc:datafield tag="700" ind1="1" ind2=" ">
         <marc:subfield code="a">Hiroharu Tamaru</marc:subfield>
         <marc:subfield code="e">author</marc:subfield>
      </marc:datafield>
      <marc:datafield tag="700" ind1="1" ind2=" ">
         <marc:subfield code="a">Hitoshi Kuwata</marc:subfield>
         <marc:subfield code="e">author</marc:subfield>
      </marc:datafield>
      <marc:datafield tag="700" ind1="1" ind2=" ">
         <marc:subfield code="a">Hideki T. Miyazaki</marc:subfield>
         <marc:subfield code="e">author</marc:subfield>
      </marc:datafield>
      <marc:datafield tag="700" ind1="1" ind2=" ">
         <marc:subfield code="a">Kenjiro Miyano</marc:subfield>
         <marc:subfield code="e">author</marc:subfield>
      </marc:datafield>
      
      <marc:datafield tag="655" ind1=" " ind2="7">
         <marc:subfield code="a">journal article</marc:subfield>
      </marc:datafield>
      <marc:datafield tag="655" ind1=" " ind2="7">
         <marc:subfield code="a">article</marc:subfield>
         <marc:subfield code="2">bibtex</marc:subfield>
      </marc:datafield>
      <marc:datafield tag="260" ind1=" " ind2=" "/>
      <marc:datafield tag="520" ind1=" " ind2=" ">
         <marc:subfield code="a">Light scattering by individual Ag nanoparticles and structures have been studied spectroscopically. Individual particles were selected and manipulated with a micromanipulator installed inside a scanning electron microscope (SEM). With typical particle dimensions of some 100 nm, the plasma resonances of particles and the coupled modes of particle pairs were observed in the visible region. The polarization dependence of the resonance frequencies strongly reflects the shape anisotropy; the effect that would be averaged out for experiments on ensembles. With a simple approximation to take the glass substrate into account, the results are in good agreement with the analytical calculations by Mie scattering, and with numerical calculations by the finite-difference time-domain method, both of which are performed with the morphological parameters obtained from the SEM observation for the corresponding particle or particle pair.</marc:subfield>
      </marc:datafield>
      <marc:datafield tag="650" ind1="1" ind2=" ">
         <marc:subfield code="a">silver</marc:subfield>
         <marc:subfield code="x">nanostructured materials</marc:subfield>
         <marc:subfield code="x">scanning electron microscopy</marc:subfield>
         <marc:subfield code="x">light scattering</marc:subfield>
         <marc:subfield code="x">surface plasmon resonance</marc:subfield>
         <marc:subfield code="x">visible spectra</marc:subfield>
      </marc:datafield>
      <marc:datafield tag="773" ind1="0" ind2=" ">
         <marc:subfield code="q">80:10&lt;1826</marc:subfield>
         <marc:subfield code="t">Appl. Phys. Lett.</marc:subfield>
      </marc:datafield>
      
      <marc:datafield tag="856" ind1=" " ind2=" ">
         <marc:subfield code="u">10.1063/1.1461072</marc:subfield>
      </marc:datafield>
      <marc:datafield tag="856" ind1=" " ind2=" ">
         <marc:subfield code="u">http://link.aip.org/link/?APL/80/1826/1</marc:subfield>
      </marc:datafield>
      <marc:datafield tag="856" ind1=" " ind2=" ">
         <marc:subfield code="u">http://dx.doi.org/10.1063/1.1461072</marc:subfield>
      </marc:datafield>
   </marc:record>