
   <marc:record>
      <marc:leader>     nam  22     uu 4500</marc:leader>
      <marc:controlfield tag="008">      |           ||||||||||||||||||||||</marc:controlfield>
      <marc:datafield tag="245" ind1="1" ind2="0">
         <marc:subfield code="a">lambda/4 Resonance of an Optical Monopole Antenna Probed by Single Molecule Fluorescence</marc:subfield>
      </marc:datafield>
      <marc:datafield tag="700" ind1="1" ind2=" ">
         <marc:subfield code="a">T. H. Taminiau</marc:subfield>
         <marc:subfield code="e">author</marc:subfield>
         <marc:subfield code="u">ICFO-Institut de Ciencies Fotoniques, Mediterranean Technology Park, 08860, Castelldefels (Barcelona), Spain, Applied Optics Group, MESA+ Institute for NanoTechnology, University of Twente, P. O. Box 217, 7500AE Enschede, the Netherlands, and FOM Institute for Atomic and Molecular Physics (AMOLF), Kruislaan 407, 1098 SJ Amsterdam, the Netherlands</marc:subfield>
      </marc:datafield>
      <marc:datafield tag="700" ind1="1" ind2=" ">
         <marc:subfield code="a">R. J. Moerland</marc:subfield>
         <marc:subfield code="e">author</marc:subfield>
         <marc:subfield code="u">ICFO-Institut de Ciencies Fotoniques, Mediterranean Technology Park, 08860, Castelldefels (Barcelona), Spain, Applied Optics Group, MESA+ Institute for NanoTechnology, University of Twente, P. O. Box 217, 7500AE Enschede, the Netherlands, and FOM Institute for Atomic and Molecular Physics (AMOLF), Kruislaan 407, 1098 SJ Amsterdam, the Netherlands</marc:subfield>
      </marc:datafield>
      <marc:datafield tag="700" ind1="1" ind2=" ">
         <marc:subfield code="a">F. B. Segerink</marc:subfield>
         <marc:subfield code="e">author</marc:subfield>
         <marc:subfield code="u">ICFO-Institut de Ciencies Fotoniques, Mediterranean Technology Park, 08860, Castelldefels (Barcelona), Spain, Applied Optics Group, MESA+ Institute for NanoTechnology, University of Twente, P. O. Box 217, 7500AE Enschede, the Netherlands, and FOM Institute for Atomic and Molecular Physics (AMOLF), Kruislaan 407, 1098 SJ Amsterdam, the Netherlands</marc:subfield>
      </marc:datafield>
      <marc:datafield tag="700" ind1="1" ind2=" ">
         <marc:subfield code="a">L. Kuipers</marc:subfield>
         <marc:subfield code="e">author</marc:subfield>
         <marc:subfield code="u">ICFO-Institut de Ciencies Fotoniques, Mediterranean Technology Park, 08860, Castelldefels (Barcelona), Spain, Applied Optics Group, MESA+ Institute for NanoTechnology, University of Twente, P. O. Box 217, 7500AE Enschede, the Netherlands, and FOM Institute for Atomic and Molecular Physics (AMOLF), Kruislaan 407, 1098 SJ Amsterdam, the Netherlands</marc:subfield>
      </marc:datafield>
      <marc:datafield tag="700" ind1="1" ind2=" ">
         <marc:subfield code="a">N. F. vanHulst</marc:subfield>
         <marc:subfield code="e">author</marc:subfield>
         <marc:subfield code="u">ICFO-Institut de Ciencies Fotoniques, Mediterranean Technology Park, 08860, Castelldefels (Barcelona), Spain, Applied Optics Group, MESA+ Institute for NanoTechnology, University of Twente, P. O. Box 217, 7500AE Enschede, the Netherlands, and FOM Institute for Atomic and Molecular Physics (AMOLF), Kruislaan 407, 1098 SJ Amsterdam, the Netherlands</marc:subfield>
      </marc:datafield>
      
      <marc:datafield tag="655" ind1=" " ind2="7">
         <marc:subfield code="a">journal article</marc:subfield>
      </marc:datafield>
      <marc:datafield tag="655" ind1=" " ind2="7">
         <marc:subfield code="a">article</marc:subfield>
         <marc:subfield code="2">bibtex</marc:subfield>
      </marc:datafield>
      <marc:datafield tag="260" ind1=" " ind2=" "/>
      <marc:datafield tag="520" ind1=" " ind2=" ">
         <marc:subfield code="a">We present a resonant optical nanoantenna positioned at the end of a metal-coated glass fiber near-field probe. Antenna resonances, excitation conditions, and field localization are directly probed in the near field by single fluorescent molecules and compared to finite integration technique simulations. It is shown that the antenna is equivalent to its radio frequency analogue, the monopole antenna. For the right antenna length and local excitation conditions, antenna resonances occur that lead to an enhanced localized field near the antenna apex. Direct mapping of this field with single fluorescent molecules reveals a spatial localization of 25 nm, demonstrating the importance of such antennas for nanometer resolution optical microscopy.</marc:subfield>
      </marc:datafield>
      <marc:datafield tag="773" ind1="0" ind2=" ">
         <marc:subfield code="q">7:1&lt;28</marc:subfield>
         <marc:subfield code="t">Nano Lett.</marc:subfield>
         <marc:subfield code="x">1530-6984</marc:subfield>
      </marc:datafield>
      
      <marc:datafield tag="856" ind1=" " ind2=" ">
         <marc:subfield code="u">10.1021/nl061726h</marc:subfield>
      </marc:datafield>
      <marc:datafield tag="856" ind1=" " ind2=" ">
         <marc:subfield code="u">http://dx.doi.org/10.1021/nl061726h</marc:subfield>
      </marc:datafield>
   </marc:record>