
   <marc:record>
      <marc:leader>     nam  22     uu 4500</marc:leader>
      <marc:controlfield tag="008">      |           ||||||||||||||||||||||</marc:controlfield>
      <marc:datafield tag="245" ind1="1" ind2="0">
         <marc:subfield code="a">Luminescence Enhancement of Ruthenium Complexes in Polymer Nanosheet by Surface Plasmon Resonance of Metal Nanoparticle</marc:subfield>
      </marc:datafield>
      <marc:datafield tag="700" ind1="1" ind2=" ">
         <marc:subfield code="a">Hiroyuki Tanaka</marc:subfield>
         <marc:subfield code="e">author</marc:subfield>
      </marc:datafield>
      <marc:datafield tag="700" ind1="1" ind2=" ">
         <marc:subfield code="a">Masaya Mitsuishi</marc:subfield>
         <marc:subfield code="e">author</marc:subfield>
      </marc:datafield>
      <marc:datafield tag="700" ind1="1" ind2=" ">
         <marc:subfield code="a">Tokuji Miyashita</marc:subfield>
         <marc:subfield code="e">author</marc:subfield>
      </marc:datafield>
      
      <marc:datafield tag="655" ind1=" " ind2="7">
         <marc:subfield code="a">journal article</marc:subfield>
      </marc:datafield>
      <marc:datafield tag="655" ind1=" " ind2="7">
         <marc:subfield code="a">article</marc:subfield>
         <marc:subfield code="2">bibtex</marc:subfield>
      </marc:datafield>
      <marc:datafield tag="260" ind1=" " ind2=" "/>
      <marc:datafield tag="520" ind1=" " ind2=" ">
         <marc:subfield code="a">The luminescence properties of tris(2,2'-bipyridine) ruthenium complex (Ru(bpy)(3)(2+)) incorporated into polymer Langmuir Blodgett (LB) films (polymer nanosheets) excited by localized surface plasmon on metal nanoparticles are described. It was clearly demonstrated that the luminescence intensity of Ru(bpy)(3)(2+) was changed by the distance from the localized surface plasmon on the nanoparticle. The enhancement of luminescence by silver nanoparticle and the quenching of luminescence by gold nanoparticle were observed.</marc:subfield>
      </marc:datafield>
      <marc:datafield tag="773" ind1="0" ind2=" ">
         <marc:subfield code="q">34:9&lt;1246</marc:subfield>
         <marc:subfield code="t">Chem. Lett.</marc:subfield>
      </marc:datafield>
      
      <marc:datafield tag="856" ind1=" " ind2=" ">
         <marc:subfield code="u">10.1246/cl.2005.1246</marc:subfield>
      </marc:datafield>
      <marc:datafield tag="856" ind1=" " ind2=" ">
         <marc:subfield code="u">http://dx.doi.org/10.1246/cl.2005.1246</marc:subfield>
      </marc:datafield>
   </marc:record>