
   <marc:record>
      <marc:leader>     nam  22     uu 4500</marc:leader>
      <marc:controlfield tag="008">      |           ||||||||||||||||||||||</marc:controlfield>
      <marc:datafield tag="245" ind1="1" ind2="0">
         <marc:subfield code="a">Chromophore-Functionalized Gold Nanoparticles</marc:subfield>
      </marc:datafield>
      <marc:datafield tag="700" ind1="1" ind2=" ">
         <marc:subfield code="a">K. George Thomas</marc:subfield>
         <marc:subfield code="e">author</marc:subfield>
      </marc:datafield>
      <marc:datafield tag="700" ind1="1" ind2=" ">
         <marc:subfield code="a">Prashant V. Kamat</marc:subfield>
         <marc:subfield code="e">author</marc:subfield>
      </marc:datafield>
      
      <marc:datafield tag="655" ind1=" " ind2="7">
         <marc:subfield code="a">journal article</marc:subfield>
      </marc:datafield>
      <marc:datafield tag="655" ind1=" " ind2="7">
         <marc:subfield code="a">article</marc:subfield>
         <marc:subfield code="2">bibtex</marc:subfield>
      </marc:datafield>
      <marc:datafield tag="260" ind1=" " ind2=" "/>
      <marc:datafield tag="520" ind1=" " ind2=" ">
         <marc:subfield code="a">We report in this Account the design of chromophore-functionalized metal nanoparticles and the detailed investigation of the ground- and excited-state interactions between the metal nanoparticles and the photoactive molecules. The methodologies adopted for organizing chromophore-functionalized gold nanoparticles on two-dimensional surfaces and the mechanistic details of various deactivation channels of the photoexcited chromophores, such as energy and electron transfer to the metal nanoparticle, are presented. The possible applications of such chromophore-functionalized gold nanoparticles in photovoltaics, light-mediated binding and release of biologically important molecules such as amino acid derivatives, and fluorescent display devices are described.</marc:subfield>
      </marc:datafield>
      <marc:datafield tag="650" ind1="1" ind2=" ">
         <marc:subfield code="a">surface-enhanced raman</marc:subfield>
         <marc:subfield code="x">photoinduced charge separation</marc:subfield>
         <marc:subfield code="x">self-assembled monolayer</marc:subfield>
         <marc:subfield code="x">silver nanoparticles</marc:subfield>
         <marc:subfield code="x">optical-properties</marc:subfield>
         <marc:subfield code="x">photocurrent generation</marc:subfield>
         <marc:subfield code="x">metal nanoparticles</marc:subfield>
         <marc:subfield code="x">energy-transfer</marc:subfield>
         <marc:subfield code="x">electron-transfer</marc:subfield>
         <marc:subfield code="x">colloidal silver</marc:subfield>
      </marc:datafield>
      <marc:datafield tag="773" ind1="0" ind2=" ">
         <marc:subfield code="q">36:12&lt;888</marc:subfield>
         <marc:subfield code="t">Acc. Chem Res.</marc:subfield>
      </marc:datafield>
      
      <marc:datafield tag="856" ind1=" " ind2=" ">
         <marc:subfield code="u">10.1021/ar030030h</marc:subfield>
      </marc:datafield>
      <marc:datafield tag="856" ind1=" " ind2=" ">
         <marc:subfield code="u">http://dx.doi.org/10.1021/ar030030h</marc:subfield>
      </marc:datafield>
   </marc:record>