
   <marc:record>
      <marc:leader>     nam  22     uu 4500</marc:leader>
      <marc:controlfield tag="008">      |           ||||||||||||||||||||||</marc:controlfield>
      <marc:datafield tag="245" ind1="1" ind2="0">
         <marc:subfield code="a">Confocal Fluorescence Lifetime Imaging Microscopy (FLIM) at the Single Molecule Level</marc:subfield>
      </marc:datafield>
      <marc:datafield tag="700" ind1="1" ind2=" ">
         <marc:subfield code="a">Philip Tinnefeld</marc:subfield>
         <marc:subfield code="e">author</marc:subfield>
      </marc:datafield>
      <marc:datafield tag="700" ind1="1" ind2=" ">
         <marc:subfield code="a">Volker Buschmann</marc:subfield>
         <marc:subfield code="e">author</marc:subfield>
      </marc:datafield>
      <marc:datafield tag="700" ind1="1" ind2=" ">
         <marc:subfield code="a">Dirk-Peter Herten</marc:subfield>
         <marc:subfield code="e">author</marc:subfield>
      </marc:datafield>
      <marc:datafield tag="700" ind1="1" ind2=" ">
         <marc:subfield code="a">Kyung-Tae Han</marc:subfield>
         <marc:subfield code="e">author</marc:subfield>
      </marc:datafield>
      <marc:datafield tag="700" ind1="1" ind2=" ">
         <marc:subfield code="a">Markus Sauer</marc:subfield>
         <marc:subfield code="e">author</marc:subfield>
      </marc:datafield>
      
      <marc:datafield tag="655" ind1=" " ind2="7">
         <marc:subfield code="a">journal article</marc:subfield>
      </marc:datafield>
      <marc:datafield tag="655" ind1=" " ind2="7">
         <marc:subfield code="a">article</marc:subfield>
         <marc:subfield code="2">bibtex</marc:subfield>
      </marc:datafield>
      <marc:datafield tag="260" ind1=" " ind2=" "/>
      <marc:datafield tag="520" ind1=" " ind2=" ">
         <marc:subfield code="a">We report on confocal fluorescence lifetime imaging microscopy (CFLIM) of single dye molecules adsorbed on glass surface. Applying a short-pulse diode laser emitting at 635 nm with a repetition rate of 64 MHz we studied the time-resolved identification of individual carbocyanine and oxazine dyes via their characteristic fluorescence lifetimes of 2.06±0.37 ns (Cy5) and 3.89±0.91 ns (JA242). Fluctuations in fluorescence intensity and lifetime of individual adsorbed molecules were investigated with millisecond time resolution. These jumps exhibit short off-states off of 0.5 ms which can be ascribed to the triplet state lifetime under dry conditions with an intersystem crossing yield YISC of 0.2 other quantum jumps into longer lived states (several milliseconds) with lower transition probability were observed. The correlation of rotational and spectral jumps of single and coupled fluorophores with changes in the observed fluorescence lifetime are discussed.</marc:subfield>
      </marc:datafield>
      <marc:datafield tag="773" ind1="0" ind2=" ">
         <marc:subfield code="q">1:3&lt;215</marc:subfield>
         <marc:subfield code="t">Single Molecules</marc:subfield>
      </marc:datafield>
      
      <marc:datafield tag="856" ind1=" " ind2=" ">
         <marc:subfield code="u">10.1002/1438-5171(200009)1:3&lt;215::AID-SIMO215&gt;3.0. CO;2-S</marc:subfield>
      </marc:datafield>
      <marc:datafield tag="856" ind1=" " ind2=" ">
         <marc:subfield code="u">http://www3.interscience.wiley.com/cgi-bin/abstract/73502652/ABSTRACT</marc:subfield>
      </marc:datafield>
      <marc:datafield tag="856" ind1=" " ind2=" ">
         <marc:subfield code="u">http://dx.doi.org/10.1002/1438-5171(200009)1:3&lt;215::AID-SIMO215&gt;3.0. CO;2-S</marc:subfield>
      </marc:datafield>
   </marc:record>