
   <marc:record>
      <marc:leader>     nam  22     uu 4500</marc:leader>
      <marc:controlfield tag="008">      |           ||||||||||||||||||||||</marc:controlfield>
      <marc:datafield tag="245" ind1="1" ind2="0">
         <marc:subfield code="a">{T}he binding of biotin analogues by streptavidin: {A} {R}aman spectroscopic study</marc:subfield>
      </marc:datafield>
      <marc:datafield tag="700" ind1="1" ind2=" ">
         <marc:subfield code="a">A. Torreggiani</marc:subfield>
         <marc:subfield code="e">author</marc:subfield>
      </marc:datafield>
      <marc:datafield tag="700" ind1="1" ind2=" ">
         <marc:subfield code="a">G. Fini</marc:subfield>
         <marc:subfield code="e">author</marc:subfield>
      </marc:datafield>
      
      <marc:datafield tag="655" ind1=" " ind2="7">
         <marc:subfield code="a">journal article</marc:subfield>
      </marc:datafield>
      <marc:datafield tag="655" ind1=" " ind2="7">
         <marc:subfield code="a">article</marc:subfield>
         <marc:subfield code="2">bibtex</marc:subfield>
      </marc:datafield>
      <marc:datafield tag="260" ind1=" " ind2=" "/>
      <marc:datafield tag="520" ind1=" " ind2=" ">
         <marc:subfield code="a">Raman spectra of anhydrous complexes of streptavidin (Strep) with biotin (Bio) and some Bio analogues [Biotin methyl ester (MEBio), desthiobiotin (DEBio), 2?-iminobiotin (IMBio), and diaminobiotin (DABio)] were recorded. The vibrational results indicate that the interaction with some of these ligands is able to modify the overall structure of the protein and this binding results in a decrease in the &amp;bgr;sheet content and an increase in the &amp;agr;-helix content. To further confirm the conformational changes of the protein structure due to Bio analogue binding, the curve-fitting analysis of the amide I Raman band of neat Strep and of the complexes were performed. The intensity ratio of the components due to the &amp;bgr;-sheet and &amp;agr;-helix conformations decreased in the Strep-MEBio, Strep-IMBio (pH 11), and Strep-Bio systems, whereas in all the other systems the changes were not significant. This behavior differs from that of Avi bound to the same ligands and suggests that Strep and Avi differ in their binding selectivity. A good correlation was found between the secondary structure percentages of the Avi and of the Strep complexes and &amp;Dgr;G°. On the basis of this linear relationship, the vibrational results allow for an acceptable evaluation of the dissociation constants of the Strep complexes, not previously reported in the literature. The present results indicate a correlation between the type of interaction and the effects of the protein-substrate bonding on the overall structure of the proteins. The amino acid residues in the binding site appear to be positioned in a such a way as to provide a precise fit of Bio. Even slight change in the substrate structure causes a weakness in the strength of the binding. The vibrational results confirm that both the imidazolidinone and the thiophan rings are important in the Strep-Bio interactions, but the former is more responsible for the high affinity of the binding. One of the Tyr residues is hydrogen bound with the ureido ring and another Tyr could be involved in the binding pocket. Trp residues do not directly bind the ligand and probably stabilize other binding site residues which in turn interact directly with Bio.</marc:subfield>
      </marc:datafield>
      <marc:datafield tag="773" ind1="0" ind2=" ">
         <marc:subfield code="q">4:3&lt;197</marc:subfield>
         <marc:subfield code="t">Biospectroscopy</marc:subfield>
      </marc:datafield>
      
      <marc:datafield tag="856" ind1=" " ind2=" ">
         <marc:subfield code="u">10.1002/(SICI)1520-6343(1998)4:3&lt;197::AID-BSPY5&gt;3.0. CO;2-1</marc:subfield>
      </marc:datafield>
      <marc:datafield tag="856" ind1=" " ind2=" ">
         <marc:subfield code="u">http://dx.doi.org/10.1002/(SICI)1520-6343(1998)4:3&lt;197::AID-BSPY5&gt;3.0. CO;2-1</marc:subfield>
      </marc:datafield>
   </marc:record>