
   <marc:record>
      <marc:leader>     nam  22     uu 4500</marc:leader>
      <marc:controlfield tag="008">      |           ||||||||||||||||||||||</marc:controlfield>
      <marc:datafield tag="245" ind1="1" ind2="0">
         <marc:subfield code="a">Single-molecule near-field optical energy transfer microscopy with dielectric tips</marc:subfield>
      </marc:datafield>
      <marc:datafield tag="700" ind1="1" ind2=" ">
         <marc:subfield code="a">W. Trabesinger</marc:subfield>
         <marc:subfield code="e">author</marc:subfield>
      </marc:datafield>
      <marc:datafield tag="700" ind1="1" ind2=" ">
         <marc:subfield code="a">A. Kramer</marc:subfield>
         <marc:subfield code="e">author</marc:subfield>
      </marc:datafield>
      <marc:datafield tag="700" ind1="1" ind2=" ">
         <marc:subfield code="a">M. Kreiter</marc:subfield>
         <marc:subfield code="e">author</marc:subfield>
      </marc:datafield>
      <marc:datafield tag="700" ind1="1" ind2=" ">
         <marc:subfield code="a">B. Hecht</marc:subfield>
         <marc:subfield code="e">author</marc:subfield>
      </marc:datafield>
      <marc:datafield tag="700" ind1="1" ind2=" ">
         <marc:subfield code="a">U. P. Wild</marc:subfield>
         <marc:subfield code="e">author</marc:subfield>
      </marc:datafield>
      
      <marc:datafield tag="655" ind1=" " ind2="7">
         <marc:subfield code="a">journal article</marc:subfield>
      </marc:datafield>
      <marc:datafield tag="655" ind1=" " ind2="7">
         <marc:subfield code="a">article</marc:subfield>
         <marc:subfield code="2">bibtex</marc:subfield>
      </marc:datafield>
      <marc:datafield tag="260" ind1=" " ind2=" "/>
      <marc:datafield tag="520" ind1=" " ind2=" ">
         <marc:subfield code="a">The fluorescence lifetime and the fluorescence rate of single molecules are recorded as a function of the position of a Si3N4 atomic force microscopy tip with respect to the molecule. We observe a decrease of the excited state lifetime and the fluorescence rate when the tip apex is in close proximity to the molecule. These effects are attributed to the fact that the dielectric tip converts non-propagating near-fields to propagating fields within the dielectric tip effectively quenching the fluorescence. The spatial extension of the quenching area is of subwavelength dimensions. The results are discussed in terms of molecular fluorescence in a system of stratified media. The experiment provides surprising new insights into the interactions between a fluorescent molecule and a dielectric tip. The methodology holds promise for applications in ultra high-resolution near-field optical imaging at the level of single fluorophores.</marc:subfield>
      </marc:datafield>
      <marc:datafield tag="773" ind1="0" ind2=" ">
         <marc:subfield code="q">209:3&lt;249</marc:subfield>
         <marc:subfield code="t">J. Microsc.</marc:subfield>
      </marc:datafield>
      
      <marc:datafield tag="856" ind1=" " ind2=" ">
         <marc:subfield code="u">10.1046/j.1365-2818.2003.01124.x</marc:subfield>
      </marc:datafield>
      <marc:datafield tag="856" ind1=" " ind2=" ">
         <marc:subfield code="u">http://www.blackwell-synergy.com/links/doi/10.1046/j.1365-2818.2003.01124.x/abs</marc:subfield>
      </marc:datafield>
      <marc:datafield tag="856" ind1=" " ind2=" ">
         <marc:subfield code="u">http://dx.doi.org/10.1046/j.1365-2818.2003.01124.x</marc:subfield>
      </marc:datafield>
   </marc:record>