
   <marc:record>
      <marc:leader>     nam  22     uu 4500</marc:leader>
      <marc:controlfield tag="008">      |           ||||||||||||||||||||||</marc:controlfield>
      <marc:datafield tag="245" ind1="1" ind2="0">
         <marc:subfield code="a">Mobility measurements by phase analysis</marc:subfield>
      </marc:datafield>
      <marc:datafield tag="700" ind1="1" ind2=" ">
         <marc:subfield code="a">Walther W. Tscharnuter</marc:subfield>
         <marc:subfield code="e">author</marc:subfield>
      </marc:datafield>
      
      <marc:datafield tag="655" ind1=" " ind2="7">
         <marc:subfield code="a">journal article</marc:subfield>
      </marc:datafield>
      <marc:datafield tag="655" ind1=" " ind2="7">
         <marc:subfield code="a">article</marc:subfield>
         <marc:subfield code="2">bibtex</marc:subfield>
      </marc:datafield>
      <marc:datafield tag="260" ind1=" " ind2=" "/>
      <marc:datafield tag="520" ind1=" " ind2=" ">
         <marc:subfield code="a">A new instrument, based on the principle of phase analysis light scattering (PALS) for the measurement of electrophoretic mobilities, has been produced. Such measurements are particularly useful in the study of dispersions in nonpolar and highly conducting media. The current PALS configuration can be used to measure mobilities up to 3 orders of magnitude lower than with the conventional Doppler mode. The device has a number of new features; in particular, all the signal processing is digital and the optical system features a reference beam configuration. Data are presented to show that on suitable samples both the PALS technique and conventional laser Doppler electrophoresis can be performed on the same instrument and the techniques are in good agreement.</marc:subfield>
      </marc:datafield>
      <marc:datafield tag="650" ind1="1" ind2=" ">
         <marc:subfield code="a">Homodyning</marc:subfield>
         <marc:subfield code="x">Phase measurement</marc:subfield>
         <marc:subfield code="x">Phase modulation</marc:subfield>
      </marc:datafield>
      <marc:datafield tag="773" ind1="0" ind2=" ">
         <marc:subfield code="q">40:24&lt;3995</marc:subfield>
         <marc:subfield code="t">Appl. Opt.</marc:subfield>
      </marc:datafield>
      
      <marc:datafield tag="856" ind1=" " ind2=" ">
         <marc:subfield code="u">http://www.opticsinfobase.org/abstract.cfm?URI=ao-40-24-3995</marc:subfield>
      </marc:datafield>
   </marc:record>