
   <marc:record>
      <marc:leader>     nam  22     uu 4500</marc:leader>
      <marc:controlfield tag="008">      |           ||||||||||||||||||||||</marc:controlfield>
      <marc:datafield tag="245" ind1="1" ind2="0">
         <marc:subfield code="a">Improved analytical fit of gold dispersion: Application to the modeling of extinction spectra with a finite-difference time-domain method</marc:subfield>
      </marc:datafield>
      <marc:datafield tag="700" ind1="1" ind2=" ">
         <marc:subfield code="a">A. Vial</marc:subfield>
         <marc:subfield code="e">author</marc:subfield>
      </marc:datafield>
      <marc:datafield tag="700" ind1="1" ind2=" ">
         <marc:subfield code="a">A. S. Grimault</marc:subfield>
         <marc:subfield code="e">author</marc:subfield>
      </marc:datafield>
      <marc:datafield tag="700" ind1="1" ind2=" ">
         <marc:subfield code="a">D. Macias</marc:subfield>
         <marc:subfield code="e">author</marc:subfield>
      </marc:datafield>
      <marc:datafield tag="700" ind1="1" ind2=" ">
         <marc:subfield code="a">D. Barchiesi</marc:subfield>
         <marc:subfield code="e">author</marc:subfield>
      </marc:datafield>
      <marc:datafield tag="700" ind1="1" ind2=" ">
         <marc:subfield code="a">M. L. de la Chapelle</marc:subfield>
         <marc:subfield code="e">author</marc:subfield>
      </marc:datafield>
      
      <marc:datafield tag="655" ind1=" " ind2="7">
         <marc:subfield code="a">journal article</marc:subfield>
      </marc:datafield>
      <marc:datafield tag="655" ind1=" " ind2="7">
         <marc:subfield code="a">article</marc:subfield>
         <marc:subfield code="2">bibtex</marc:subfield>
      </marc:datafield>
      <marc:datafield tag="260" ind1=" " ind2=" "/>
      <marc:datafield tag="520" ind1=" " ind2=" ">
         <marc:subfield code="a">We propose an accurate description for the dispersion of gold in the range of 1.24-2.48 eV. We implement this improved model in an FDTD algorithm and evaluate its efficiency by comparison with an analytical method. Extinction spectra of gold nanoparticle arrays are then calculated.</marc:subfield>
      </marc:datafield>
      <marc:datafield tag="650" ind1="1" ind2=" ">
         <marc:subfield code="a">enhanced raman-scattering</marc:subfield>
         <marc:subfield code="x">optical-properties</marc:subfield>
         <marc:subfield code="x">metallic-films</marc:subfield>
         <marc:subfield code="x">nanoparticles</marc:subfield>
         <marc:subfield code="x">arrays</marc:subfield>
         <marc:subfield code="x">field</marc:subfield>
         <marc:subfield code="x">optimization</marc:subfield>
         <marc:subfield code="x">light</marc:subfield>
         <marc:subfield code="x">gold</marc:subfield>
         <marc:subfield code="x">extinction coefficients</marc:subfield>
         <marc:subfield code="x">finite difference time-domain analysis</marc:subfield>
         <marc:subfield code="x">optical dispersion</marc:subfield>
         <marc:subfield code="x">ultraviolet spectra</marc:subfield>
         <marc:subfield code="x">visible spectra</marc:subfield>
      </marc:datafield>
      <marc:datafield tag="773" ind1="0" ind2=" ">
         <marc:subfield code="q">71:8&lt;085416</marc:subfield>
         <marc:subfield code="t">Phys. Rev. B</marc:subfield>
      </marc:datafield>
      
      <marc:datafield tag="856" ind1=" " ind2=" ">
         <marc:subfield code="u">10.1103/PhysRevB.71.085416</marc:subfield>
      </marc:datafield>
      <marc:datafield tag="856" ind1=" " ind2=" ">
         <marc:subfield code="u">http://link.aps.org/abstract/PRB/v71/e085416</marc:subfield>
      </marc:datafield>
      <marc:datafield tag="856" ind1=" " ind2=" ">
         <marc:subfield code="u">http://dx.doi.org/10.1103/PhysRevB.71.085416</marc:subfield>
      </marc:datafield>
   </marc:record>