
   <marc:record>
      <marc:leader>     nam  22     uu 4500</marc:leader>
      <marc:controlfield tag="008">      |           ||||||||||||||||||||||</marc:controlfield>
      <marc:datafield tag="245" ind1="1" ind2="0">
         <marc:subfield code="a">Nonlocal optical effects on the fluorescence and decay rates for admolecules at a metallic nanoparticle</marc:subfield>
      </marc:datafield>
      <marc:datafield tag="700" ind1="1" ind2=" ">
         <marc:subfield code="a">Jason Vielma</marc:subfield>
         <marc:subfield code="e">author</marc:subfield>
      </marc:datafield>
      <marc:datafield tag="700" ind1="1" ind2=" ">
         <marc:subfield code="a">P. T. Leung</marc:subfield>
         <marc:subfield code="e">author</marc:subfield>
      </marc:datafield>
      
      <marc:datafield tag="655" ind1=" " ind2="7">
         <marc:subfield code="a">journal article</marc:subfield>
      </marc:datafield>
      <marc:datafield tag="655" ind1=" " ind2="7">
         <marc:subfield code="a">article</marc:subfield>
         <marc:subfield code="2">bibtex</marc:subfield>
      </marc:datafield>
      <marc:datafield tag="260" ind1=" " ind2=" "/>
      <marc:datafield tag="520" ind1=" " ind2=" ">
         <marc:subfield code="a">A phenomenological model is implemented to study the decay rates of fluorescing molecules in the vicinity of a metallic nanoparticle, wherein the nonlocal optical response of the particle is accounted for via the hydrodynamic model for the description of the free electrons in the metal. These nonlocal effects are examined for each of the radiative rate and the nonradiative rate of the admolecule, respectively. In addition, the overall fluorescence rate which includes the enhancement ratio for the driving field intensity is also studied. It is found that for particles of very small sizes (&lt;10 nm), the nonlocal effects, in general, lead to significantly greater fluorescence rates and smaller nonradiative decay rates for the admolecules, with the effects on radiative rates depending crucially on the orientation of the molecules. Furthermore, the effects are mostly noticeable for molecules close to the metal particle and in processes where higher multipolar interactions are significant such as those in nonradiative decay processes. Above all, these nonlocal effects can still be observable in the presence of large surface damping imposed on the metallic electrons due to the ultrasmall sizes of these nanoparticles. The relevance of these effects to some of the latest experiments is discussed.</marc:subfield>
      </marc:datafield>
      <marc:datafield tag="650" ind1="1" ind2=" ">
         <marc:subfield code="a">fluorescence</marc:subfield>
         <marc:subfield code="x">adsorbed layers</marc:subfield>
         <marc:subfield code="x">nanoparticles</marc:subfield>
         <marc:subfield code="x">molecular orientation</marc:subfield>
      </marc:datafield>
      <marc:datafield tag="773" ind1="0" ind2=" ">
         <marc:subfield code="q">126:19&lt;194704</marc:subfield>
         <marc:subfield code="t">J. Chem. Phy.</marc:subfield>
      </marc:datafield>
      
      <marc:datafield tag="856" ind1=" " ind2=" ">
         <marc:subfield code="u">10.1063/1.2734549</marc:subfield>
      </marc:datafield>
      <marc:datafield tag="856" ind1=" " ind2=" ">
         <marc:subfield code="u">http://link.aip.org/link/?JCP/126/194704/1</marc:subfield>
      </marc:datafield>
      <marc:datafield tag="856" ind1=" " ind2=" ">
         <marc:subfield code="u">http://dx.doi.org/10.1063/1.2734549</marc:subfield>
      </marc:datafield>
   </marc:record>