
   <marc:record>
      <marc:leader>     nam  22     uu 4500</marc:leader>
      <marc:controlfield tag="008">      |           ||||||||||||||||||||||</marc:controlfield>
      <marc:datafield tag="245" ind1="1" ind2="0">
         <marc:subfield code="a">Detection of human immunodeficiency virus type 1 DNA sequence using plasmonics nanoprobes</marc:subfield>
      </marc:datafield>
      <marc:datafield tag="700" ind1="1" ind2=" ">
         <marc:subfield code="a">Musundi B. Wabuyele</marc:subfield>
         <marc:subfield code="e">author</marc:subfield>
      </marc:datafield>
      <marc:datafield tag="700" ind1="1" ind2=" ">
         <marc:subfield code="a">Tuan Vo-Dinh</marc:subfield>
         <marc:subfield code="e">author</marc:subfield>
      </marc:datafield>
      
      <marc:datafield tag="655" ind1=" " ind2="7">
         <marc:subfield code="a">journal article</marc:subfield>
      </marc:datafield>
      <marc:datafield tag="655" ind1=" " ind2="7">
         <marc:subfield code="a">article</marc:subfield>
         <marc:subfield code="2">bibtex</marc:subfield>
      </marc:datafield>
      <marc:datafield tag="260" ind1=" " ind2=" "/>
      <marc:datafield tag="520" ind1=" " ind2=" ">
         <marc:subfield code="a">This paper describes the use of plasmonics-based nanoprobes that act as molecular sentinels for DNA diagnostics. The plasmonics nanoprobe comprises a metal nanoparticle and a stem-loop DNA molecule tagged with a Raman label. The nanoprobe utilizes the specificity and selectivity of the DNA hairpin probe sequence to detect a specific target DNA sequence of interest. In the absence of target DNA, the stem-loop configuration maintains the Raman label in proximity to the metal nanoparticle, inducing an intense surface-enhanced Raman scattering (SERS) effect that produces a strong Raman signal upon laser excitation. Upon hybridization of a complementary target DNA sequence to the nanoprobe, the stem-loop configuration is disrupted, causing the Raman label to physically separate from the metal nanoparticle, thus quenching the SERS signal. The usefulness and potential application of the plasmonics nanoprobe for diagnosis is demonstrated using the gag gene sequence of the human immunodeficiency virus type 1 (HIV-1). We successfully demonstrated the specificity and selectivity of the plasmonics nanoprobes to detect PCR amplicons of the HIV gene. The potential for combining the spectral selectivity and high sensitivity of the SERS process with inherent molecular specificity of DNA hairpins to diagnose molecular target sequences in homogeneous solutions is discussed.</marc:subfield>
      </marc:datafield>
      <marc:datafield tag="773" ind1="0" ind2=" ">
         <marc:subfield code="q">77:23&lt;7810</marc:subfield>
         <marc:subfield code="t">Anal. Chem.</marc:subfield>
      </marc:datafield>
      
      <marc:datafield tag="856" ind1=" " ind2=" ">
         <marc:subfield code="u">10.1021/ac0514671</marc:subfield>
      </marc:datafield>
      <marc:datafield tag="856" ind1=" " ind2=" ">
         <marc:subfield code="u">http://dx.doi.org/10.1021/ac0514671</marc:subfield>
      </marc:datafield>
   </marc:record>