
   <marc:record>
      <marc:leader>     nam  22     uu 4500</marc:leader>
      <marc:controlfield tag="008">      |           ||||||||||||||||||||||</marc:controlfield>
      <marc:datafield tag="245" ind1="1" ind2="0">
         <marc:subfield code="a">Formation of gold nanoparticles and self-assembly into dimer and trimer aggregates</marc:subfield>
      </marc:datafield>
      <marc:datafield tag="700" ind1="1" ind2=" ">
         <marc:subfield code="a">Sheng Tian Wang</marc:subfield>
         <marc:subfield code="e">author</marc:subfield>
      </marc:datafield>
      <marc:datafield tag="700" ind1="1" ind2=" ">
         <marc:subfield code="a">Ji Cang Yana</marc:subfield>
         <marc:subfield code="e">author</marc:subfield>
      </marc:datafield>
      <marc:datafield tag="700" ind1="1" ind2=" ">
         <marc:subfield code="a">Li Chen</marc:subfield>
         <marc:subfield code="e">author</marc:subfield>
      </marc:datafield>
      
      <marc:datafield tag="655" ind1=" " ind2="7">
         <marc:subfield code="a">journal article</marc:subfield>
      </marc:datafield>
      <marc:datafield tag="655" ind1=" " ind2="7">
         <marc:subfield code="a">article</marc:subfield>
         <marc:subfield code="2">bibtex</marc:subfield>
      </marc:datafield>
      <marc:datafield tag="260" ind1=" " ind2=" "/>
      <marc:datafield tag="520" ind1=" " ind2=" ">
         <marc:subfield code="a">Gold nanoparticles synthesized by in situ chemical reduction of HAuCl4 with the use of polyelectrolyte serve as reductant and stabilizer. At the same time, gold nanoparticles were observed self-assembly into dimer and trimer aggregates, which were evidenced by TEM. The nucleation and growth kinetics was characterized by in situ UV-vis experiment. A model was proposed to illustrate the formation mechanism. (c) 2005 Elsevier B.V. All rights reserved.</marc:subfield>
      </marc:datafield>
      <marc:datafield tag="650" ind1="1" ind2=" ">
         <marc:subfield code="a">films</marc:subfield>
         <marc:subfield code="x">polyelectrolytes</marc:subfield>
         <marc:subfield code="x">microcapsules</marc:subfield>
         <marc:subfield code="x">adsorption</marc:subfield>
         <marc:subfield code="x">permeability</marc:subfield>
         <marc:subfield code="x">particles</marc:subfield>
         <marc:subfield code="x">metal</marc:subfield>
         <marc:subfield code="x">Nanoparticles</marc:subfield>
         <marc:subfield code="x">In situ</marc:subfield>
         <marc:subfield code="x">Polyelectrolyte</marc:subfield>
         <marc:subfield code="x">Dimer</marc:subfield>
         <marc:subfield code="x">Trimer</marc:subfield>
      </marc:datafield>
      <marc:datafield tag="773" ind1="0" ind2=" ">
         <marc:subfield code="q">59:11&lt;1383</marc:subfield>
         <marc:subfield code="t">Mater. Lett.</marc:subfield>
      </marc:datafield>
      
      <marc:datafield tag="856" ind1=" " ind2=" ">
         <marc:subfield code="u">10.1016/j.matlet.2004.12.045</marc:subfield>
      </marc:datafield>
      <marc:datafield tag="856" ind1=" " ind2=" ">
         <marc:subfield code="u">http://dx.doi.org/10.1016/j.matlet.2004.12.045</marc:subfield>
      </marc:datafield>
   </marc:record>