
   <marc:record>
      <marc:leader>     nam  22     uu 4500</marc:leader>
      <marc:controlfield tag="008">      |           ||||||||||||||||||||||</marc:controlfield>
      <marc:datafield tag="245" ind1="1" ind2="0">
         <marc:subfield code="a">Linear assemblies of nanoparticles electrostatically organized on DNA scaffolds</marc:subfield>
      </marc:datafield>
      <marc:datafield tag="700" ind1="1" ind2=" ">
         <marc:subfield code="a">Marvin G. Warner</marc:subfield>
         <marc:subfield code="e">author</marc:subfield>
      </marc:datafield>
      <marc:datafield tag="700" ind1="1" ind2=" ">
         <marc:subfield code="a">James E. Hutchison</marc:subfield>
         <marc:subfield code="e">author</marc:subfield>
      </marc:datafield>
      
      <marc:datafield tag="655" ind1=" " ind2="7">
         <marc:subfield code="a">journal article</marc:subfield>
      </marc:datafield>
      <marc:datafield tag="655" ind1=" " ind2="7">
         <marc:subfield code="a">article</marc:subfield>
         <marc:subfield code="2">bibtex</marc:subfield>
      </marc:datafield>
      <marc:datafield tag="260" ind1=" " ind2=" "/>
      <marc:datafield tag="520" ind1=" " ind2=" ">
         <marc:subfield code="a">A significant challenge faced in the use of nanoscale building blocks is developing parallel methods for interconnecting and patterning assemblies of the individual components. {M}olecular or polymeric scaffolds hold promise as a means of preparing closely spaced, specifically arranged nanoscale assemblies. {H}ere we show how a biopolymer, {DNA}, can be used as a scaffold for the assembly of extended, close-packed, ligand-stabilized metal nanoparticle structures, including several desirable architectures (such as lines, ribbons, and branches). {E}lectrostatic binding of ligand-stabilized nanoparticles to the {DNA} backbone results in extended linear chain-like structures, ribbon-like structures composed of parallel nanoparticle chains, and branched structures. {H}igh-resolution transmission electron microscopy shows that the particles are evenly spaced, separated only by the 15 {\AA} imposed by the intervening ligand shell. {T}hese studies demonstrate that biomolecular nanolithography (the arrangement of nanoscale building blocks on biomolecular scaffolds) is a viable approach to interconnecting individual devices into extended, closely spaced assemblies.</marc:subfield>
      </marc:datafield>
      <marc:datafield tag="773" ind1="0" ind2=" ">
         <marc:subfield code="q">2&lt;272</marc:subfield>
         <marc:subfield code="t">Nat. Mat.</marc:subfield>
      </marc:datafield>
      
      <marc:datafield tag="856" ind1=" " ind2=" ">
         <marc:subfield code="u">10.1038/nmat853</marc:subfield>
      </marc:datafield>
      <marc:datafield tag="856" ind1=" " ind2=" ">
         <marc:subfield code="u">http://dx.doi.org/10.1038/nmat853</marc:subfield>
      </marc:datafield>
   </marc:record>