
   <marc:record>
      <marc:leader>     nam  22     uu 4500</marc:leader>
      <marc:controlfield tag="008">      |           ||||||||||||||||||||||</marc:controlfield>
      <marc:datafield tag="245" ind1="1" ind2="0">
         <marc:subfield code="a">The enhancement of Raman scattering, resonance Raman scattering, and fluorescence from molecules adsorbed on a rough silver surface</marc:subfield>
      </marc:datafield>
      <marc:datafield tag="700" ind1="1" ind2=" ">
         <marc:subfield code="a">D. A. Weitz</marc:subfield>
         <marc:subfield code="e">author</marc:subfield>
      </marc:datafield>
      <marc:datafield tag="700" ind1="1" ind2=" ">
         <marc:subfield code="a">S. Garoff</marc:subfield>
         <marc:subfield code="e">author</marc:subfield>
      </marc:datafield>
      <marc:datafield tag="700" ind1="1" ind2=" ">
         <marc:subfield code="a">J. I. Gersten</marc:subfield>
         <marc:subfield code="e">author</marc:subfield>
      </marc:datafield>
      <marc:datafield tag="700" ind1="1" ind2=" ">
         <marc:subfield code="a">Abraham Nitzan</marc:subfield>
         <marc:subfield code="e">author</marc:subfield>
      </marc:datafield>
      
      <marc:datafield tag="655" ind1=" " ind2="7">
         <marc:subfield code="a">journal article</marc:subfield>
      </marc:datafield>
      <marc:datafield tag="655" ind1=" " ind2="7">
         <marc:subfield code="a">article</marc:subfield>
         <marc:subfield code="2">bibtex</marc:subfield>
      </marc:datafield>
      <marc:datafield tag="260" ind1=" " ind2=" "/>
      <marc:datafield tag="520" ind1=" " ind2=" ">
         <marc:subfield code="a">The enhancements of normal Raman scattering, resonance Raman scattering, and fluorescence from molecules adsorbed on identical, well-characterized, silver-island films are reported. The enhancement arises from the electromagnetic interaction between the molecules and the electronic plasma resonance of the silver islands. A hierarchy of enhancement ratios is found, with typical values of 105 for RS, 103 for RRS and 10?1 to 10 for fluorescence, depending on the quantum yield of the molecular fluorescence. A model, developed on heuristic grounds and substantiated using the density matrix formalism, describes the light scattering processes and the effects of the plasma resonance. This model presents a unified picture of the surface-induced enhancement effects and is consistent with the experimental values. The comparison of all the forms of optical scattering leads to a complete determination of the role of the plasma resonances in the various portions of the scattering process. The excitation of the electronic plasma resonance results in an increased local field at the molecules leading to an increased excitation or absorption rate. Similarly, the excitation of the plasma resonance by the molecular emission dipole results in an increase in the radiative decay rate. However, the electromagnetic coupling of the molecule to the plasma resonance also adds an additional damping channel which can result in a reduction of the absorption or excitation rate as well as the emission yield. The resultant balance of these processes leads to the hierarchy in the measured enhancements. The hierarchy of enhancements is also shown to have important spectroscopic consequences.</marc:subfield>
      </marc:datafield>
      <marc:datafield tag="650" ind1="1" ind2=" ">
         <marc:subfield code="a">raman spectra</marc:subfield>
         <marc:subfield code="x">resonance scattering</marc:subfield>
         <marc:subfield code="x">light scattering</marc:subfield>
         <marc:subfield code="x">fluorescence</marc:subfield>
         <marc:subfield code="x">silver</marc:subfield>
         <marc:subfield code="x">sorptive properties</marc:subfield>
         <marc:subfield code="x">adsorption</marc:subfield>
         <marc:subfield code="x">surfaces</marc:subfield>
         <marc:subfield code="x">molecules</marc:subfield>
      </marc:datafield>
      <marc:datafield tag="773" ind1="0" ind2=" ">
         <marc:subfield code="q">78:9&lt;5324</marc:subfield>
         <marc:subfield code="t">J. Chem. Phys.</marc:subfield>
      </marc:datafield>
      
      <marc:datafield tag="856" ind1=" " ind2=" ">
         <marc:subfield code="u">10.1063/1.445486</marc:subfield>
      </marc:datafield>
      <marc:datafield tag="856" ind1=" " ind2=" ">
         <marc:subfield code="u">http://dx.doi.org/10.1063/1.445486</marc:subfield>
      </marc:datafield>
   </marc:record>