
   <marc:record>
      <marc:leader>     nam  22     uu 4500</marc:leader>
      <marc:controlfield tag="008">      |           ||||||||||||||||||||||</marc:controlfield>
      <marc:datafield tag="245" ind1="1" ind2="0">
         <marc:subfield code="a">Fast interactions between Rh6G and dGTP in water studied by fluorescence correlation spectroscopy</marc:subfield>
      </marc:datafield>
      <marc:datafield tag="700" ind1="1" ind2=" ">
         <marc:subfield code="a">Jerker Widengren</marc:subfield>
         <marc:subfield code="e">author</marc:subfield>
      </marc:datafield>
      <marc:datafield tag="700" ind1="1" ind2=" ">
         <marc:subfield code="a">Johannes Dapprich</marc:subfield>
         <marc:subfield code="e">author</marc:subfield>
      </marc:datafield>
      <marc:datafield tag="700" ind1="1" ind2=" ">
         <marc:subfield code="a">Rudolf Rigler</marc:subfield>
         <marc:subfield code="e">author</marc:subfield>
      </marc:datafield>
      
      <marc:datafield tag="655" ind1=" " ind2="7">
         <marc:subfield code="a">journal article</marc:subfield>
      </marc:datafield>
      <marc:datafield tag="655" ind1=" " ind2="7">
         <marc:subfield code="a">article</marc:subfield>
         <marc:subfield code="2">bibtex</marc:subfield>
      </marc:datafield>
      <marc:datafield tag="260" ind1=" " ind2=" "/>
      <marc:datafield tag="520" ind1=" " ind2=" ">
         <marc:subfield code="a">The feasibility of fluorescence correlation spectroscopy (FCS) for the monitoring of fast kinetic processes has been investigated. The interaction between Rh6G and different nucleotides in water served as a model system. Following the fluorescence fluctuations arising due to dye-nucleotide interactions around an unperturbed equilibrium it is possible to retrieve information about association and dissociation kinetics of the different electronic states involved in the fluorescence generation. No macroscopic perturbation of thermodynamic parameters, as in chemical relaxation experiments, is needed. Compared to other fluorescence techniques used to study interactions of this kind, such as flash photolysis, FCS requires a very simple instrumentation. A very broad time interval can be covered and the fact that FCS is based on a fluorescence microscope allows for kinetic studies on a microscopic scale. Hence, FCS can be used in parallel or as an alternative to more established fluorescence techniques providing a simple and easy-to-use tool by which similar and complementary information on kinetic processes can be obtained.</marc:subfield>
      </marc:datafield>
      <marc:datafield tag="650" ind1="1" ind2=" ">
         <marc:subfield code="a">Fluorescence correlation spectroscopy (FCS)</marc:subfield>
         <marc:subfield code="x">Rhodamine 6G (Rh6G)</marc:subfield>
         <marc:subfield code="x">Dye-nucleotide interactions</marc:subfield>
      </marc:datafield>
      <marc:datafield tag="773" ind1="0" ind2=" ">
         <marc:subfield code="q">216:3&lt;</marc:subfield>
         <marc:subfield code="t">Chem. Phys.</marc:subfield>
      </marc:datafield>
      
      <marc:datafield tag="856" ind1=" " ind2=" ">
         <marc:subfield code="u">10.1016/S0301-0104(97)00014-1</marc:subfield>
      </marc:datafield>
      <marc:datafield tag="856" ind1=" " ind2=" ">
         <marc:subfield code="u">http://dx.doi.org/10.1016/S0301-0104(97)00014-1</marc:subfield>
      </marc:datafield>
   </marc:record>