
   <marc:record>
      <marc:leader>     nam  22     uu 4500</marc:leader>
      <marc:controlfield tag="008">      |           ||||||||||||||||||||||</marc:controlfield>
      <marc:datafield tag="245" ind1="1" ind2="0">
         <marc:subfield code="a">Characterization of Photoinduced Isomerization and Back-Isomerization of the Cyanine Dye Cy5 by Fluorescence Correlation Spectroscopy</marc:subfield>
      </marc:datafield>
      <marc:datafield tag="700" ind1="1" ind2=" ">
         <marc:subfield code="a">Jerker Widengren</marc:subfield>
         <marc:subfield code="e">author</marc:subfield>
      </marc:datafield>
      <marc:datafield tag="700" ind1="1" ind2=" ">
         <marc:subfield code="a">Petra Schwille</marc:subfield>
         <marc:subfield code="e">author</marc:subfield>
      </marc:datafield>
      
      <marc:datafield tag="655" ind1=" " ind2="7">
         <marc:subfield code="a">journal article</marc:subfield>
      </marc:datafield>
      <marc:datafield tag="655" ind1=" " ind2="7">
         <marc:subfield code="a">article</marc:subfield>
         <marc:subfield code="2">bibtex</marc:subfield>
      </marc:datafield>
      <marc:datafield tag="260" ind1=" " ind2=" "/>
      <marc:datafield tag="520" ind1=" " ind2=" ">
         <marc:subfield code="a">Cy5 is one of a few commercially available dyes in the near-infrared wavelength range. In this study, the fluorescence fluctuations of Cy5 have been investigated under steady-state excitation conditions by fluorescence correlation spectroscopy (FCS). The fluctuations in fluorescence are compatible with and can be used to characterize the photoinduced isomerization and back-isomerization, as well as the transitions between the singlet and triplet states of the dye. By employing a simple kinetic model, the rate constants of these processes can be determined. The model was used over a broad range of experimental conditions, where the influence on the isomerization properties of solvent viscosity, polarity, and temperature, excitation intensity and wavelength, and the presence of different side groups was investigated. We propose FCS as a useful and simple complementary approach to study isomerization processes of cyanine dyes yielding information about the rates of both the photoinduced isomerization and the back-isomerization, as well as of the kinetic properties of the triplet states. Our data show that for most excitation conditions relevant for ultrasensitive fluorescence spectroscopy a photostationary equilibrium is established between the isomeric forms, where approximately 50 molecules can be expected to be in their weakly fluorescent cis states. The fluorophores therefore lose about half of their fluorescence capacity. This is of relevance for the performance of the dye in all applications of fluorescence spectroscopy where a high sensitivity or a fast readout is required, such as in single-molecule detection experiments and in many applications of confocal laser scanning microscopy.</marc:subfield>
      </marc:datafield>
      <marc:datafield tag="773" ind1="0" ind2=" ">
         <marc:subfield code="q">104:27&lt;6416</marc:subfield>
         <marc:subfield code="t">J. Phys. Chem. A</marc:subfield>
      </marc:datafield>
      
      <marc:datafield tag="856" ind1=" " ind2=" ">
         <marc:subfield code="u">10.1021/jp000059s</marc:subfield>
      </marc:datafield>
      <marc:datafield tag="856" ind1=" " ind2=" ">
         <marc:subfield code="u">http://pubs.acs.org/cgi-bin/abstract.cgi/jpcafh/2000/104/i27/abs/jp000059s.html</marc:subfield>
      </marc:datafield>
      <marc:datafield tag="856" ind1=" " ind2=" ">
         <marc:subfield code="u">http://dx.doi.org/10.1021/jp000059s</marc:subfield>
      </marc:datafield>
   </marc:record>