
   <marc:record>
      <marc:leader>     nam  22     uu 4500</marc:leader>
      <marc:controlfield tag="008">      |           ||||||||||||||||||||||</marc:controlfield>
      <marc:datafield tag="245" ind1="1" ind2="0">
         <marc:subfield code="a">Near-field optical imaging of noble metal nanoparticles</marc:subfield>
      </marc:datafield>
      <marc:datafield tag="700" ind1="1" ind2=" ">
         <marc:subfield code="a">G. P. Wiederrecht</marc:subfield>
         <marc:subfield code="e">author</marc:subfield>
      </marc:datafield>
      
      <marc:datafield tag="655" ind1=" " ind2="7">
         <marc:subfield code="a">journal article</marc:subfield>
      </marc:datafield>
      <marc:datafield tag="655" ind1=" " ind2="7">
         <marc:subfield code="a">article</marc:subfield>
         <marc:subfield code="2">bibtex</marc:subfield>
      </marc:datafield>
      <marc:datafield tag="260" ind1=" " ind2=" "/>
      <marc:datafield tag="520" ind1=" " ind2=" ">
         <marc:subfield code="a">A review of the subject of near-field optical imaging of metal nanoparticles is presented. The emphasis of the review is on experimental achievements in optical imaging of single metal nanoparticles and nanostructured arrays with metal nanoparticle building blocks. The importance of the measurements as they relate to nano-optical applications and scientific understanding of optical near-fields is highlighted. Advancements in scanning near-field optical microscopy (SNOM) that have enabled near-field images of these structures are also featured, as are theoretical contributions for interpreting SNOM images.</marc:subfield>
      </marc:datafield>
      <marc:datafield tag="650" ind1="1" ind2=" ">
         <marc:subfield code="a">nanoparticles</marc:subfield>
         <marc:subfield code="x">Raman spectra</marc:subfield>
         <marc:subfield code="x">surface plasmon resonance</marc:subfield>
         <marc:subfield code="x">microlenses</marc:subfield>
      </marc:datafield>
      <marc:datafield tag="773" ind1="0" ind2=" ">
         <marc:subfield code="q">28:1&lt;3</marc:subfield>
         <marc:subfield code="t">Eur. Phys. J. Appl. Phys.</marc:subfield>
      </marc:datafield>
      
      <marc:datafield tag="856" ind1=" " ind2=" ">
         <marc:subfield code="u">10.1051/epjap:2004170</marc:subfield>
      </marc:datafield>
      <marc:datafield tag="856" ind1=" " ind2=" ">
         <marc:subfield code="u">http://dx.doi.org/10.1051/epjap:2004170</marc:subfield>
      </marc:datafield>
   </marc:record>