
   <marc:record>
      <marc:leader>     nam  22     uu 4500</marc:leader>
      <marc:controlfield tag="008">      |           ||||||||||||||||||||||</marc:controlfield>
      <marc:datafield tag="245" ind1="1" ind2="0">
         <marc:subfield code="a">Geometry dependent features of optically induced forces between silver nanoparticles</marc:subfield>
      </marc:datafield>
      <marc:datafield tag="700" ind1="1" ind2=" ">
         <marc:subfield code="a">Vance Wong</marc:subfield>
         <marc:subfield code="e">author</marc:subfield>
      </marc:datafield>
      <marc:datafield tag="700" ind1="1" ind2=" ">
         <marc:subfield code="a">Mark A. Ratner</marc:subfield>
         <marc:subfield code="e">author</marc:subfield>
      </marc:datafield>
      
      <marc:datafield tag="655" ind1=" " ind2="7">
         <marc:subfield code="a">journal article</marc:subfield>
      </marc:datafield>
      <marc:datafield tag="655" ind1=" " ind2="7">
         <marc:subfield code="a">article</marc:subfield>
         <marc:subfield code="2">bibtex</marc:subfield>
      </marc:datafield>
      <marc:datafield tag="260" ind1=" " ind2=" "/>
      <marc:datafield tag="520" ind1=" " ind2=" ">
         <marc:subfield code="a">A recently devised, discrete-dipole approximation (DDA) based method for computing optical forces is used to explore geometry dependent aspects of the light induced interactions between pairs of silver nanoparticles, including the influence of particle shape, relative positioning of the particles, and incident field orientation. The interactions are observed to have a large degree of generic character, independent of the details of the particle shape. The size of the optical forces is also compared to estimates for the van der Waals forces, and the results are used to assess the potential importance of radiation forces on recent experiments demonstrating photoinduced self-assembly of triangular silver nanoprisms.</marc:subfield>
      </marc:datafield>
      <marc:datafield tag="773" ind1="0" ind2=" ">
         <marc:subfield code="q">110:39&lt;19243</marc:subfield>
         <marc:subfield code="t">J. Phys. Chem. B</marc:subfield>
      </marc:datafield>
      
      <marc:datafield tag="856" ind1=" " ind2=" ">
         <marc:subfield code="u">10.1021/jp063184y S1520-6106(06)03184-1</marc:subfield>
      </marc:datafield>
      <marc:datafield tag="856" ind1=" " ind2=" ">
         <marc:subfield code="u">http://dx.doi.org/10.1021/jp063184y S1520-6106(06)03184-1</marc:subfield>
      </marc:datafield>
   </marc:record>