
   <marc:record>
      <marc:leader>     nam  22     uu 4500</marc:leader>
      <marc:controlfield tag="008">      |           ||||||||||||||||||||||</marc:controlfield>
      <marc:datafield tag="245" ind1="1" ind2="0">
         <marc:subfield code="a">A Review of Elastic Light Scattering Theories</marc:subfield>
      </marc:datafield>
      <marc:datafield tag="700" ind1="1" ind2=" ">
         <marc:subfield code="a">Thomas Wriedt</marc:subfield>
         <marc:subfield code="e">author</marc:subfield>
      </marc:datafield>
      
      <marc:datafield tag="655" ind1=" " ind2="7">
         <marc:subfield code="a">journal article</marc:subfield>
      </marc:datafield>
      <marc:datafield tag="655" ind1=" " ind2="7">
         <marc:subfield code="a">article</marc:subfield>
         <marc:subfield code="2">bibtex</marc:subfield>
      </marc:datafield>
      <marc:datafield tag="260" ind1=" " ind2=" "/>
      <marc:datafield tag="520" ind1=" " ind2=" ">
         <marc:subfield code="a">Mie scattering is an important tool for diagnosing microparticles or aerosol particles in technical or natural environments. Mie theory is restricted to spherical, homogeneous, isotropic and non-magnetic particles in a non-absorbing medium. However, as microparticles are hardly ever spherical or homogeneous, there is much interest in more advanced scattering theories. During recent decades, scattering methods for non-spherical and non-homogeneous particles have been developed and even some computer codes are readily available. Extension of Mie theory covers coated spheres, stratified spheres and clustered spheres. For homogeneous non-spherical particles such as spheroids, ellipsoids and finite cylinders, surface discretization methods have been developed. Scattering by inhomogeneous particles may be computed by volume discretization methods.</marc:subfield>
      </marc:datafield>
      <marc:datafield tag="773" ind1="0" ind2=" ">
         <marc:subfield code="q">15:2&lt;67</marc:subfield>
         <marc:subfield code="t">Part. Part. Syst. Charact.</marc:subfield>
      </marc:datafield>
      
      <marc:datafield tag="856" ind1=" " ind2=" ">
         <marc:subfield code="u">10.1002/(SICI)1521-4117(199804)15:2&lt;67::AID-PPSC67&gt;3.0.CO;2-F</marc:subfield>
      </marc:datafield>
      <marc:datafield tag="856" ind1=" " ind2=" ">
         <marc:subfield code="u">http://dx.doi.org/10.1002/(SICI)1521-4117(199804)15:2&lt;67::AID-PPSC67&gt;3.0.CO;2-F</marc:subfield>
      </marc:datafield>
   </marc:record>