
   <marc:record>
      <marc:leader>     nam  22     uu 4500</marc:leader>
      <marc:controlfield tag="008">      |           ||||||||||||||||||||||</marc:controlfield>
      <marc:datafield tag="245" ind1="1" ind2="0">
         <marc:subfield code="a">Taylor Dispersion Measurements of Monolayer Protected Clusters: A Physicochemical Determination of Nanoparticle Size</marc:subfield>
      </marc:datafield>
      <marc:datafield tag="700" ind1="1" ind2=" ">
         <marc:subfield code="a">W. Peter Wuelfing</marc:subfield>
         <marc:subfield code="e">author</marc:subfield>
      </marc:datafield>
      <marc:datafield tag="700" ind1="1" ind2=" ">
         <marc:subfield code="a">Allen C. Templeton</marc:subfield>
         <marc:subfield code="e">author</marc:subfield>
      </marc:datafield>
      <marc:datafield tag="700" ind1="1" ind2=" ">
         <marc:subfield code="a">Jocelyn F. Hicks</marc:subfield>
         <marc:subfield code="e">author</marc:subfield>
      </marc:datafield>
      <marc:datafield tag="700" ind1="1" ind2=" ">
         <marc:subfield code="a">Royce W. Murray</marc:subfield>
         <marc:subfield code="e">author</marc:subfield>
      </marc:datafield>
      
      <marc:datafield tag="655" ind1=" " ind2="7">
         <marc:subfield code="a">journal article</marc:subfield>
      </marc:datafield>
      <marc:datafield tag="655" ind1=" " ind2="7">
         <marc:subfield code="a">article</marc:subfield>
         <marc:subfield code="2">bibtex</marc:subfield>
      </marc:datafield>
      <marc:datafield tag="260" ind1=" " ind2=" "/>
      <marc:datafield tag="520" ind1=" " ind2=" ">
         <marc:subfield code="a">We describe the use of the Taylor dispersion method to determine the diffusion coefficients of monolayer protected clusters (MPCs). The MPCs have nanometer Au cores ( 1-5 nm diameter) coated with a passivating, self-assembled monolayer of thiolate ligands ( 40-600). The results are found to agree with electrochemically measured diffusion coefficients, validating both approaches for measuring nanoparticle diffusivities. Taylor diffusion coefficients are used to calculate MPC hydrodynamic diameters under the sticking and the slip boundary conditions of the Stokes-Einstein equation, which are compared to the overall MPC diameter-estimated as the core diameter (measured by TEM) plus the length (2L) of two fully extended ligands. Better agreement between calculated and experimental hydrodynamic diameters of alkanethiolate-coated MPCs in organic solvents are obtained using slip boundary conditions, implying free draining of solvent through the outer portion of the extended chains. The hard-sphere (sticking) version of the Stokes-Einstein relation predicts unrealistically small hydrodynamic diameters. Similar but less clear-cut results are obtained for tiopronin-coated MPC ions in aqueous media.</marc:subfield>
      </marc:datafield>
      <marc:datafield tag="773" ind1="0" ind2=" ">
         <marc:subfield code="q">71:18&lt;4069</marc:subfield>
         <marc:subfield code="t">Anal. Chem.</marc:subfield>
      </marc:datafield>
      
      <marc:datafield tag="856" ind1=" " ind2=" ">
         <marc:subfield code="u">10.1021/ac990429c</marc:subfield>
      </marc:datafield>
      <marc:datafield tag="856" ind1=" " ind2=" ">
         <marc:subfield code="u">http://dx.doi.org/10.1021/ac990429c</marc:subfield>
      </marc:datafield>
   </marc:record>