
   <marc:record>
      <marc:leader>     nam  22     uu 4500</marc:leader>
      <marc:controlfield tag="008">      s2002       ||||| ||||||||||||||||</marc:controlfield>
      <marc:datafield tag="245" ind1="1" ind2="0">
         <marc:subfield code="a">Surface Plasmon Photonics: From Optical Properties of Nanoparticles to Single Molecule Surface-Enhanced Raman Scattering</marc:subfield>
      </marc:datafield>
      <marc:datafield tag="700" ind1="1" ind2=" ">
         <marc:subfield code="a">Hongxing Xu</marc:subfield>
         <marc:subfield code="e">author</marc:subfield>
         <marc:subfield code="u">Chalmers University of Technology and Göteborg University</marc:subfield>
      </marc:datafield>
      <marc:datafield tag="710" ind1="2" ind2=" ">
         <marc:subfield code="a"/>
         <marc:subfield code="e">Originator</marc:subfield>
      </marc:datafield>
      
      <marc:datafield tag="655" ind1=" " ind2="7">
         <marc:subfield code="a">phdthesis</marc:subfield>
         <marc:subfield code="2">bibtex</marc:subfield>
      </marc:datafield>
      <marc:datafield tag="655" ind1=" " ind2="7">
         <marc:subfield code="a">theses</marc:subfield>
         <marc:subfield code="2">marcgt</marc:subfield>
      </marc:datafield>
      <marc:datafield tag="655" ind1=" " ind2="7">
         <marc:subfield code="a">thesis</marc:subfield>
         <marc:subfield code="2">marcgt</marc:subfield>
      </marc:datafield>
      <marc:datafield tag="260" ind1=" " ind2=" ">
         <marc:subfield code="b">Chalmers University of Technology and Göteborg University</marc:subfield>
         <marc:subfield code="c">2002</marc:subfield>
      </marc:datafield>
      
         
      
      
      <marc:datafield tag="022" ind1=" " ind2=" ">
         <marc:subfield code="a">91-7291-112-3</marc:subfield>
      </marc:datafield>
   </marc:record>