
   <marc:record>
      <marc:leader>     nam  22     uu 4500</marc:leader>
      <marc:controlfield tag="008">      |           ||||||||||||||||||||||</marc:controlfield>
      <marc:datafield tag="245" ind1="1" ind2="0">
         <marc:subfield code="a">Electromagnetic contributions to single-molecule sensitivity in surface-enhanced Raman scattering</marc:subfield>
      </marc:datafield>
      <marc:datafield tag="700" ind1="1" ind2=" ">
         <marc:subfield code="a">Hongxing Xu</marc:subfield>
         <marc:subfield code="e">author</marc:subfield>
      </marc:datafield>
      <marc:datafield tag="700" ind1="1" ind2=" ">
         <marc:subfield code="a">Javier Aizpurua</marc:subfield>
         <marc:subfield code="e">author</marc:subfield>
      </marc:datafield>
      <marc:datafield tag="700" ind1="1" ind2=" ">
         <marc:subfield code="a">Mikael Käll</marc:subfield>
         <marc:subfield code="e">author</marc:subfield>
      </marc:datafield>
      <marc:datafield tag="700" ind1="1" ind2=" ">
         <marc:subfield code="a">Peter Apell</marc:subfield>
         <marc:subfield code="e">author</marc:subfield>
      </marc:datafield>
      
      <marc:datafield tag="655" ind1=" " ind2="7">
         <marc:subfield code="a">journal article</marc:subfield>
      </marc:datafield>
      <marc:datafield tag="655" ind1=" " ind2="7">
         <marc:subfield code="a">article</marc:subfield>
         <marc:subfield code="2">bibtex</marc:subfield>
      </marc:datafield>
      <marc:datafield tag="260" ind1=" " ind2=" "/>
      <marc:datafield tag="520" ind1=" " ind2=" ">
         <marc:subfield code="a">We examine whether single molecule sensitivity in surface-enhanced Raman scattering (SERS) can be explained in the framework of classical electromagnetic theory. The influence of colloid particle shape and size, composition (Ag or Au) and interparticle separation distance on the wavelength-dependent SERS enhancement factor is reported. Our calculations indicate that the maximum enhancement factor achievable through electromagnetics is of the order 1011. This is obtained only under special circumstances, namely at interstitial sites between particles and at locations outside sharp surface protrusions. The comparative rarity of such sites, together with the extreme spatial localization of the enhancement they provide, can qualitatively explain why only very few surface sites seem to contribute to the measured signal in single-molecule SERS experiments. Enhancement factors of the order 1014-1015, which have been reported in recent experiments, are likely to involve additional enhancement mechanisms such as chemisorption induced resonance Raman effects.</marc:subfield>
      </marc:datafield>
      <marc:datafield tag="773" ind1="0" ind2=" ">
         <marc:subfield code="q">62&lt;4318</marc:subfield>
         <marc:subfield code="t">Phys. Rev. E</marc:subfield>
      </marc:datafield>
      
      <marc:datafield tag="856" ind1=" " ind2=" ">
         <marc:subfield code="u">10.1103/PhysRevE.62.4318</marc:subfield>
      </marc:datafield>
      <marc:datafield tag="856" ind1=" " ind2=" ">
         <marc:subfield code="u">http://link.aps.org/abstract/PRE/v62/p4318</marc:subfield>
      </marc:datafield>
      <marc:datafield tag="856" ind1=" " ind2=" ">
         <marc:subfield code="u">http://dx.doi.org/10.1103/PhysRevE.62.4318</marc:subfield>
      </marc:datafield>
   </marc:record>