
   <marc:record>
      <marc:leader>     nam  22     uu 4500</marc:leader>
      <marc:controlfield tag="008">      |           ||||||||||||||||||||||</marc:controlfield>
      <marc:datafield tag="245" ind1="1" ind2="0">
         <marc:subfield code="a">Size and Temperature Dependence of Surface Plasmon Absorption of Gold Nanoparticles Induced by Tris(2,2'-bipyridine)ruthenium(II)</marc:subfield>
      </marc:datafield>
      <marc:datafield tag="700" ind1="1" ind2=" ">
         <marc:subfield code="a">Xiao-Hong Nancy Xu</marc:subfield>
         <marc:subfield code="e">author</marc:subfield>
      </marc:datafield>
      <marc:datafield tag="700" ind1="1" ind2=" ">
         <marc:subfield code="a">Shuang Huang</marc:subfield>
         <marc:subfield code="e">author</marc:subfield>
      </marc:datafield>
      <marc:datafield tag="700" ind1="1" ind2=" ">
         <marc:subfield code="a">William Brownlow</marc:subfield>
         <marc:subfield code="e">author</marc:subfield>
      </marc:datafield>
      <marc:datafield tag="700" ind1="1" ind2=" ">
         <marc:subfield code="a">Khalid Salaita</marc:subfield>
         <marc:subfield code="e">author</marc:subfield>
      </marc:datafield>
      <marc:datafield tag="700" ind1="1" ind2=" ">
         <marc:subfield code="a">Robert B. Jeffers</marc:subfield>
         <marc:subfield code="e">author</marc:subfield>
      </marc:datafield>
      
      <marc:datafield tag="655" ind1=" " ind2="7">
         <marc:subfield code="a">journal article</marc:subfield>
      </marc:datafield>
      <marc:datafield tag="655" ind1=" " ind2="7">
         <marc:subfield code="a">article</marc:subfield>
         <marc:subfield code="2">bibtex</marc:subfield>
      </marc:datafield>
      <marc:datafield tag="260" ind1=" " ind2=" "/>
      <marc:datafield tag="520" ind1=" " ind2=" ">
         <marc:subfield code="a">It is well known that surface plasmon absorption (color) of Au nanoparticles highly depends on its size, shape, and surrounding surface environment, providing a great opportunity for the development of Au nanoparticles as a probe for chemical and biochemical sensing and as a building block for nano-optical devices. Currently, it remains incompletely understood how the surface properties of Au nanoparticles ultimately define its optical properties, hindering the progress of rational design of Au nanoparticles for biochemical sensing and assembly of nano-optical devices. Ru(bpy)32+ possesses rich photochemical and electrochemical properties, offering a unique probe to study the surface environment of Au nanoparticles. In this study, we investigate the kinetics of surface plasmon absorption of Au nanoparticles (6.5, 19, 48, 97 nm) in the presence of Ru(bpy)32+ at 24.0, 33.0, and 51.0 C. We find that the color-change rate of Au nanoparticles is highly sensitive to the amount of Ru(bpy)32+. In addition, the minimum (critical) concentration of Ru(bpy)32+ needed to change the color of Au nanoparticles is highly dependent upon temperature and nanoparticle size. TEM images illustrate that the color-change mechanism of Au nanoparticles induced by Ru(bpy)32+ highly depends on the size of nanoparticles. Control experiments using NaCl and MgCl2 to replace Ru(bpy)32+ show no color change, suggesting that the color change of Au nanoparticles induced by Ru(bpy)32+ is not solely attributable to the salt effect. Other factors, such as adsorption of Ru(bpy)32+ on the Au nanoparticle surface, may be involved. Moreover, in the presence of the critical concentration of Ru(bpy)32+, as temperature increases from 24.0 C to 51.0 C, the color-change rate of 19 nm Au nanoparticles increases 8-fold, whereas the color-change rate of 48 nm Au nanoparticles decreases 3-fold, showing the temperature dependence of surface plasmon absorption of Au nanoparticles in the presence of surface adsorbates, Ru(bpy)32+.</marc:subfield>
      </marc:datafield>
      <marc:datafield tag="650" ind1="1" ind2=" ">
         <marc:subfield code="a">au nanoparticles</marc:subfield>
         <marc:subfield code="x">colloidal gold</marc:subfield>
         <marc:subfield code="x">adsorption-kinetics</marc:subfield>
         <marc:subfield code="x">electron dynamics</marc:subfield>
         <marc:subfield code="x">metal particles</marc:subfield>
         <marc:subfield code="x">spectroscopy</marc:subfield>
         <marc:subfield code="x">resonance</marc:subfield>
         <marc:subfield code="x">films</marc:subfield>
         <marc:subfield code="x">cells</marc:subfield>
         <marc:subfield code="x">dna</marc:subfield>
      </marc:datafield>
      <marc:datafield tag="773" ind1="0" ind2=" ">
         <marc:subfield code="q">108:40&lt;15543</marc:subfield>
         <marc:subfield code="t">J. Phys. Chem. B</marc:subfield>
      </marc:datafield>
      
      <marc:datafield tag="856" ind1=" " ind2=" ">
         <marc:subfield code="u">10.1021/jp048124b</marc:subfield>
      </marc:datafield>
      <marc:datafield tag="856" ind1=" " ind2=" ">
         <marc:subfield code="u">http://dx.doi.org/10.1021/jp048124b</marc:subfield>
      </marc:datafield>
   </marc:record>