
   <marc:record>
      <marc:leader>     nam  22     uu 4500</marc:leader>
      <marc:controlfield tag="008">      |           ||||||||||||||||||||||</marc:controlfield>
      <marc:datafield tag="245" ind1="1" ind2="0">
         <marc:subfield code="a">Electromagnetic scattering by an aggregate of spheres: asymmetry parameter</marc:subfield>
      </marc:datafield>
      <marc:datafield tag="700" ind1="1" ind2=" ">
         <marc:subfield code="a">Yu-lin Xu</marc:subfield>
         <marc:subfield code="e">author</marc:subfield>
      </marc:datafield>
      
      <marc:datafield tag="655" ind1=" " ind2="7">
         <marc:subfield code="a">journal article</marc:subfield>
      </marc:datafield>
      <marc:datafield tag="655" ind1=" " ind2="7">
         <marc:subfield code="a">article</marc:subfield>
         <marc:subfield code="2">bibtex</marc:subfield>
      </marc:datafield>
      <marc:datafield tag="260" ind1=" " ind2=" "/>
      <marc:datafield tag="520" ind1=" " ind2=" ">
         <marc:subfield code="a">We present a rigorous analytical solution to the efficiency factor for radiation pressure and the scattering cross section of an aggregate of small spheres, which is applicable to the general case of an ensemble of small nonspherical particles. Practical examples show that the theoretical results agree with laboratory scattering measurements.</marc:subfield>
      </marc:datafield>
      <marc:datafield tag="650" ind1="1" ind2=" ">
         <marc:subfield code="a">Multiparticle light-scattering</marc:subfield>
         <marc:subfield code="x">Far field</marc:subfield>
         <marc:subfield code="x">Radiation pressure</marc:subfield>
         <marc:subfield code="x">Scattering cross section</marc:subfield>
         <marc:subfield code="x">Aggregates of particles</marc:subfield>
      </marc:datafield>
      <marc:datafield tag="773" ind1="0" ind2=" ">
         <marc:subfield code="q">249:1-2&lt;30</marc:subfield>
         <marc:subfield code="t">Phys. Lett. A</marc:subfield>
      </marc:datafield>
      
      <marc:datafield tag="856" ind1=" " ind2=" ">
         <marc:subfield code="u">10.1016/S0375-9601(98)00708-7</marc:subfield>
      </marc:datafield>
      <marc:datafield tag="856" ind1=" " ind2=" ">
         <marc:subfield code="u">http://www.sciencedirect.com/science/article/B6TVM-3VTHCSN-S/2/94f85c1e0fc1a622e374f32759ccddb3</marc:subfield>
      </marc:datafield>
      <marc:datafield tag="856" ind1=" " ind2=" ">
         <marc:subfield code="u">http://dx.doi.org/10.1016/S0375-9601(98)00708-7</marc:subfield>
      </marc:datafield>
   </marc:record>