
   <marc:record>
      <marc:leader>     nam  22     uu 4500</marc:leader>
      <marc:controlfield tag="008">      |           ||||||||||||||||||||||</marc:controlfield>
      <marc:datafield tag="245" ind1="1" ind2="0">
         <marc:subfield code="a">Electromagnetic scattering by an aggregate of spheres: far field</marc:subfield>
      </marc:datafield>
      <marc:datafield tag="700" ind1="1" ind2=" ">
         <marc:subfield code="a">Yu-lin Xu</marc:subfield>
         <marc:subfield code="e">author</marc:subfield>
      </marc:datafield>
      
      <marc:datafield tag="655" ind1=" " ind2="7">
         <marc:subfield code="a">journal article</marc:subfield>
      </marc:datafield>
      <marc:datafield tag="655" ind1=" " ind2="7">
         <marc:subfield code="a">article</marc:subfield>
         <marc:subfield code="2">bibtex</marc:subfield>
      </marc:datafield>
      <marc:datafield tag="260" ind1=" " ind2=" "/>
      <marc:datafield tag="520" ind1=" " ind2=" ">
         <marc:subfield code="a">In electromagnetic multisphere-scattering calculations the reexpansion method for seeking a single-field representation of the total scattered field is found impracticable because of severe numerical problems. We present a simple single-field expansion of the total scattered far field based on an asymptotic form of vector translational addition theorems. With this asymptotic expansion of the far field, we derive analytical expressions for the scattering properties of an arbitrary aggregate of spheres. Resulting formulas are free from numerical problems in practical applications. Theoretical predictions from this far-field solution for various aggregates of spheres that we tested agree favorably with laboratory microwave scattering measurements. Some numerical results are presented and compared with experimental data.</marc:subfield>
      </marc:datafield>
      <marc:datafield tag="773" ind1="0" ind2=" ">
         <marc:subfield code="q">36:36&lt;9496</marc:subfield>
         <marc:subfield code="t">Appl. Opt.</marc:subfield>
      </marc:datafield>
      
      <marc:datafield tag="856" ind1=" " ind2=" ">
         <marc:subfield code="u">http://ao.osa.org/abstract.cfm?URI=ao-36-36-9496</marc:subfield>
      </marc:datafield>
   </marc:record>