
   <marc:record>
      <marc:leader>     nam  22     uu 4500</marc:leader>
      <marc:controlfield tag="008">      |           ||||||||||||||||||||||</marc:controlfield>
      <marc:datafield tag="245" ind1="1" ind2="0">
         <marc:subfield code="a">Electromagnetic scattering by an aggregate of spheres</marc:subfield>
      </marc:datafield>
      <marc:datafield tag="700" ind1="1" ind2=" ">
         <marc:subfield code="a">Yu-lin Xu</marc:subfield>
         <marc:subfield code="e">author</marc:subfield>
      </marc:datafield>
      
      <marc:datafield tag="655" ind1=" " ind2="7">
         <marc:subfield code="a">journal article</marc:subfield>
      </marc:datafield>
      <marc:datafield tag="655" ind1=" " ind2="7">
         <marc:subfield code="a">article</marc:subfield>
         <marc:subfield code="2">bibtex</marc:subfield>
      </marc:datafield>
      <marc:datafield tag="260" ind1=" " ind2=" "/>
      <marc:datafield tag="520" ind1=" " ind2=" ">
         <marc:subfield code="a">We present a comprehensive solution to the classical problem of electromagnetic scattering by aggregates of an arbitrary number of arbitrarily configured spheres that are isotropic and homogeneous but may be of different size and composition. The profile of incident electromagnetic waves is arbitrary. The analysis is based on the framework of the Mie theory for a single sphere and the existing addition theorems for spherical vector wave functions. The classic Mie theory is generalized. Applying the extended Mie theory to all the spherical constituents in an aggregate simultaneously leads to a set of coupled linear equations in the unknown interactive coefficients. We propose an asymptotic iteration technique to solve for these coefficients. The total scattered field of the entire ensemble is constructed with the interactive scattering coefficients by the use of the translational addition theorem a second time. Rigorous analytical expressions are derived for the cross sections in a general case and for all the elements of the amplitude-scattering matrix in a special case of a plane-incident wave propagating along the z axis. As an illustration, we present some of our preliminary numerical results and compare them with previously published laboratory scattering measurements.</marc:subfield>
      </marc:datafield>
      <marc:datafield tag="500" ind1=" " ind2=" ">
         <marc:subfield code="a">\textbf{37}, 6494(E) (1998)</marc:subfield>
      </marc:datafield>
      <marc:datafield tag="650" ind1="1" ind2=" ">
         <marc:subfield code="a">Aggregates</marc:subfield>
         <marc:subfield code="x">Generalized Mie Theory</marc:subfield>
      </marc:datafield>
      <marc:datafield tag="773" ind1="0" ind2=" ">
         <marc:subfield code="q">34:21&lt;4573</marc:subfield>
         <marc:subfield code="t">Appl. Opt.</marc:subfield>
      </marc:datafield>
      
      <marc:datafield tag="856" ind1=" " ind2=" ">
         <marc:subfield code="u">http://www.opticsinfobase.org/abstract.cfm?URI=ao-34-21-4573</marc:subfield>
      </marc:datafield>
   </marc:record>