
   <marc:record>
      <marc:leader>     nam  22     uu 4500</marc:leader>
      <marc:controlfield tag="008">      |           ||||||||||||||||||||||</marc:controlfield>
      <marc:datafield tag="245" ind1="1" ind2="0">
         <marc:subfield code="a">Comparison between Multisphere Light-scattering Calculations: Rigorous Solution and Discrete-Dipole Approximation</marc:subfield>
      </marc:datafield>
      <marc:datafield tag="700" ind1="1" ind2=" ">
         <marc:subfield code="a">Yu-Lin Xu</marc:subfield>
         <marc:subfield code="e">author</marc:subfield>
      </marc:datafield>
      <marc:datafield tag="700" ind1="1" ind2=" ">
         <marc:subfield code="a">Bo {\AA}. S. Gustafson</marc:subfield>
         <marc:subfield code="e">author</marc:subfield>
      </marc:datafield>
      
      <marc:datafield tag="655" ind1=" " ind2="7">
         <marc:subfield code="a">journal article</marc:subfield>
      </marc:datafield>
      <marc:datafield tag="655" ind1=" " ind2="7">
         <marc:subfield code="a">article</marc:subfield>
         <marc:subfield code="2">bibtex</marc:subfield>
      </marc:datafield>
      <marc:datafield tag="260" ind1=" " ind2=" "/>
      <marc:datafield tag="520" ind1=" " ind2=" ">
         <marc:subfield code="a">We present the comparison of light-scattering calculations between a rigorous solution and the discrete-dipole approximation (DDA) for two-sphere aggregates. We also compare theoretical predictions with laboratory scattering measurements to examine the validity of the numerical solutions. It is found that there are cases in which the DDA solution, while satisfying the validity criterion for interdipole spacing to be small compared with the wavelength of incident radiation, deviates significantly from the rigorous solution and the experimental results. We show that the DDA works reasonably well for small-volume structures and that its validity is challenged, at least as it is currently implemented, when used on larger structures. We also show that, besides its advantages in reliability, the rigorous solution approach is far superior to the approximation method in computing efficiency as well.</marc:subfield>
      </marc:datafield>
      <marc:datafield tag="773" ind1="0" ind2=" ">
         <marc:subfield code="q">513:2&lt;894</marc:subfield>
         <marc:subfield code="t">Astrophys. J.</marc:subfield>
      </marc:datafield>
      
      <marc:datafield tag="856" ind1=" " ind2=" ">
         <marc:subfield code="u">http://www.journals.uchicago.edu/ApJ/journal/issues/ApJ/v513n2/38832/38832.html</marc:subfield>
      </marc:datafield>
   </marc:record>