
   <marc:record>
      <marc:leader>     nam  22     uu 4500</marc:leader>
      <marc:controlfield tag="008">      |           ||||||||||||||||||||||</marc:controlfield>
      <marc:datafield tag="245" ind1="1" ind2="0">
         <marc:subfield code="a">Luminescent polynuclear d10 metal complexes</marc:subfield>
      </marc:datafield>
      <marc:datafield tag="700" ind1="1" ind2=" ">
         <marc:subfield code="a">Vivian Wing-Wah Yam</marc:subfield>
         <marc:subfield code="e">author</marc:subfield>
      </marc:datafield>
      <marc:datafield tag="700" ind1="1" ind2=" ">
         <marc:subfield code="a">Kenneth Kam-Wing Lo</marc:subfield>
         <marc:subfield code="e">author</marc:subfield>
      </marc:datafield>
      
      <marc:datafield tag="655" ind1=" " ind2="7">
         <marc:subfield code="a">journal article</marc:subfield>
      </marc:datafield>
      <marc:datafield tag="655" ind1=" " ind2="7">
         <marc:subfield code="a">article</marc:subfield>
         <marc:subfield code="2">bibtex</marc:subfield>
      </marc:datafield>
      <marc:datafield tag="260" ind1=" " ind2=" "/>
      <marc:datafield tag="520" ind1=" " ind2=" ">
         <marc:subfield code="a">A number of polynuclear d10 transition metal complexes have been found to exhibit interesting luminescence properties. The photoluminescence properties of polynuclear d10 metal complexes are highly diversified. In the presence of a wide range of bridging and ancillary ligands, the excited states of such complexes have been suggested to range from metal-to-ligand charge-transfer, ligand-to-metal charge-transfer, metal-centred to ligand-centred in nature. Recent work on the photophysical and photochemical properties, as well as the applications of this class of luminescent polynuclear d10 metal complexes will be described in this review article.</marc:subfield>
      </marc:datafield>
      <marc:datafield tag="773" ind1="0" ind2=" ">
         <marc:subfield code="q">28&lt;323</marc:subfield>
         <marc:subfield code="t">Chem. Soc. Rev.</marc:subfield>
      </marc:datafield>
      
      <marc:datafield tag="856" ind1=" " ind2=" ">
         <marc:subfield code="u">10.1039/a804249g</marc:subfield>
      </marc:datafield>
      <marc:datafield tag="856" ind1=" " ind2=" ">
         <marc:subfield code="u">http://dx.doi.org/10.1039/a804249g</marc:subfield>
      </marc:datafield>
   </marc:record>