
   <marc:record>
      <marc:leader>     nam  22     uu 4500</marc:leader>
      <marc:controlfield tag="008">      |           ||||||||||||||||||||||</marc:controlfield>
      <marc:datafield tag="245" ind1="1" ind2="0">
         <marc:subfield code="a">Surface Manipulation of the Electronic Energy of Subnanometer-Sized Gold Clusters: An Electrochemical and Spectroscopic Investigation</marc:subfield>
      </marc:datafield>
      <marc:datafield tag="700" ind1="1" ind2=" ">
         <marc:subfield code="a">Yiyun Yang</marc:subfield>
         <marc:subfield code="e">author</marc:subfield>
      </marc:datafield>
      <marc:datafield tag="700" ind1="1" ind2=" ">
         <marc:subfield code="a">Shaowei Chen</marc:subfield>
         <marc:subfield code="e">author</marc:subfield>
      </marc:datafield>
      
      <marc:datafield tag="655" ind1=" " ind2="7">
         <marc:subfield code="a">journal article</marc:subfield>
      </marc:datafield>
      <marc:datafield tag="655" ind1=" " ind2="7">
         <marc:subfield code="a">article</marc:subfield>
         <marc:subfield code="2">bibtex</marc:subfield>
      </marc:datafield>
      <marc:datafield tag="260" ind1=" " ind2=" "/>
      <marc:datafield tag="520" ind1=" " ind2=" ">
         <marc:subfield code="a">Stable undecagold clusters were synthesized and protected with a monolayer of alkanethiolates. The particles were found to exhibit semiconductor electronic characteristics with a band gap of about 1.8 eV, as evaluated from voltammetric and spectroscopic measurements. Photoluminescence in the visible range was also observed from the peak position at 840 nm. The indirect band-gap characteristics indicate that there exist substantial surface trap states in the nanoparticle molecules. Prior to exchange reactions with alkanethiols, however, no luminescence was observed with the gold particles, Au11Cl3(PPh3)7. This was interpreted, at least in part, by the effect of ligand fields on the electronic (band-gap) energy splitting and the resulting electron distributions. These observations strongly suggest that surface chemistry plays a vital role in determining the electronic energy structure of these subnanometer-sized gold particles.</marc:subfield>
      </marc:datafield>
      <marc:datafield tag="773" ind1="0" ind2=" ">
         <marc:subfield code="q">3:1&lt;75</marc:subfield>
         <marc:subfield code="t">Nano Lett.</marc:subfield>
      </marc:datafield>
      
      <marc:datafield tag="856" ind1=" " ind2=" ">
         <marc:subfield code="u">10.1021/nl025809j</marc:subfield>
      </marc:datafield>
      <marc:datafield tag="856" ind1=" " ind2=" ">
         <marc:subfield code="u">http://dx.doi.org/10.1021/nl025809j</marc:subfield>
      </marc:datafield>
   </marc:record>