
   <marc:record>
      <marc:leader>     nam  22     uu 4500</marc:leader>
      <marc:controlfield tag="008">      |           ||||||||||||||||||||||</marc:controlfield>
      <marc:datafield tag="245" ind1="1" ind2="0">
         <marc:subfield code="a">Resonance light scattering particles as ultrasensitive labels for detection of analytes in a wide range of applications</marc:subfield>
      </marc:datafield>
      <marc:datafield tag="700" ind1="1" ind2=" ">
         <marc:subfield code="a">Juan Yguerabide</marc:subfield>
         <marc:subfield code="e">author</marc:subfield>
      </marc:datafield>
      <marc:datafield tag="700" ind1="1" ind2=" ">
         <marc:subfield code="a">Evangelina E. Yguerabide</marc:subfield>
         <marc:subfield code="e">author</marc:subfield>
      </marc:datafield>
      
      <marc:datafield tag="655" ind1=" " ind2="7">
         <marc:subfield code="a">journal article</marc:subfield>
      </marc:datafield>
      <marc:datafield tag="655" ind1=" " ind2="7">
         <marc:subfield code="a">article</marc:subfield>
         <marc:subfield code="2">bibtex</marc:subfield>
      </marc:datafield>
      <marc:datafield tag="260" ind1=" " ind2=" "/>
      <marc:datafield tag="520" ind1=" " ind2=" ">
         <marc:subfield code="a">We have developed a new detection technology that uses resonance light scattering (RLS) particles as labels for analyte detection in a wide range of formats including immuno and DNA probe type of assays in solution, solid phase, cells, and tissues. When a suspension of nano sized gold or silver particles is illuminated with a fine beam of white light, the scattered light has a clear (not cloudy) color that depends on composition and particle size. This scattered light can be used as the signal for ultrasensitive analyte detection. The advantages of gold particles as detection labels are that (a) their light producing power is equivalent to more than 500,000 fluorescein molecules, (b) they can be detected at concentrations as low as 10-15 M in suspension by eye and a simple illuminator, (c) they do not photobleach, (d) individual particles can be seen in a simple student microscope with dark field illumination, (e) color of scattered light can be changed by changing particle size or composition for multicolor multiplexing, and (f) they can be conjugated with antibodies, DNA probes, ligands, and protein receptors for specific analyte detection. These advantages allow for ultra-senstive analyte detection with easiness of use and simple and relatively inexpensive instrumentation. We have shown that our RLS technology can indeed be used for ultra-sensitive detection in a wide range of applications including immuno and DNA probe assays in solution and solid phases, detection of cell surface components and in situ hybridization in cells and tissues. Most of the assay formats described in this article can be adapted for drug fast throughput screening.</marc:subfield>
      </marc:datafield>
      <marc:datafield tag="773" ind1="0" ind2=" ">
         <marc:subfield code="q">84:S37&lt;71</marc:subfield>
         <marc:subfield code="t">J. Cell. Biochem. Suppl.</marc:subfield>
      </marc:datafield>
      
      <marc:datafield tag="856" ind1=" " ind2=" ">
         <marc:subfield code="u">10.1002/jcb.10077</marc:subfield>
      </marc:datafield>
      <marc:datafield tag="856" ind1=" " ind2=" ">
         <marc:subfield code="u">http://www3.interscience.wiley.com/cgi-bin/abstract/90011040/ABSTRACT</marc:subfield>
      </marc:datafield>
      <marc:datafield tag="856" ind1=" " ind2=" ">
         <marc:subfield code="u">http://dx.doi.org/10.1002/jcb.10077</marc:subfield>
      </marc:datafield>
   </marc:record>