
   <marc:record>
      <marc:leader>     nam  22     uu 4500</marc:leader>
      <marc:controlfield tag="008">      |           ||||||||||||||||||||||</marc:controlfield>
      <marc:datafield tag="245" ind1="1" ind2="0">
         <marc:subfield code="a">Reversible assembly of gold nanoparticles confined in an optical microcage</marc:subfield>
      </marc:datafield>
      <marc:datafield tag="700" ind1="1" ind2=" ">
         <marc:subfield code="a">H Yoshikawa</marc:subfield>
         <marc:subfield code="e">author</marc:subfield>
      </marc:datafield>
      <marc:datafield tag="700" ind1="1" ind2=" ">
         <marc:subfield code="a">T Matsui</marc:subfield>
         <marc:subfield code="e">author</marc:subfield>
      </marc:datafield>
      <marc:datafield tag="700" ind1="1" ind2=" ">
         <marc:subfield code="a">H Masuhara</marc:subfield>
         <marc:subfield code="e">author</marc:subfield>
      </marc:datafield>
      
      <marc:datafield tag="655" ind1=" " ind2="7">
         <marc:subfield code="a">journal article</marc:subfield>
      </marc:datafield>
      <marc:datafield tag="655" ind1=" " ind2="7">
         <marc:subfield code="a">article</marc:subfield>
         <marc:subfield code="2">bibtex</marc:subfield>
      </marc:datafield>
      <marc:datafield tag="260" ind1=" " ind2=" "/>
      <marc:datafield tag="520" ind1=" " ind2=" ">
         <marc:subfield code="a">As optical trapping by a focused laser beam is applied for nanoparticles, multiple particles are grasped in the focal spot and make an assembly. Gold nanoparticles confined in such a submicrometer optical cage show a characteristic extinction spectrum depending on laser power. The spectral change can be induced reversibly and repeatedly by tuning the laser power, demonstrating that the assembly of gold nanoparticles can be controlled by the gradient force. This is attributed to the soft confinement of nanoparticles dressed in electrostatic potential barriers.</marc:subfield>
      </marc:datafield>
      <marc:datafield tag="650" ind1="1" ind2=" ">
         <marc:subfield code="a">infrared-laser-beam</marc:subfield>
         <marc:subfield code="x">radiation pressure</marc:subfield>
         <marc:subfield code="x">rayleigh particles</marc:subfield>
         <marc:subfield code="x">metal particles</marc:subfield>
         <marc:subfield code="x">coagulation</marc:subfield>
         <marc:subfield code="x">fixation</marc:subfield>
         <marc:subfield code="x">dynamics</marc:subfield>
         <marc:subfield code="x">binding</marc:subfield>
         <marc:subfield code="x">surface</marc:subfield>
         <marc:subfield code="x">sensor</marc:subfield>
      </marc:datafield>
      <marc:datafield tag="773" ind1="0" ind2=" ">
         <marc:subfield code="q">70:6&lt;061406</marc:subfield>
         <marc:subfield code="t">Phys. Rev. E</marc:subfield>
      </marc:datafield>
      
      <marc:datafield tag="856" ind1=" " ind2=" ">
         <marc:subfield code="u">10.1103/PhysRevE.70.061406</marc:subfield>
      </marc:datafield>
      <marc:datafield tag="856" ind1=" " ind2=" ">
         <marc:subfield code="u">http://link.aps.org/abstract/PRE/v70/e061406</marc:subfield>
      </marc:datafield>
      <marc:datafield tag="856" ind1=" " ind2=" ">
         <marc:subfield code="u">http://dx.doi.org/10.1103/PhysRevE.70.061406</marc:subfield>
      </marc:datafield>
   </marc:record>