
   <marc:record>
      <marc:leader>     nam  22     uu 4500</marc:leader>
      <marc:controlfield tag="008">      |           ||||||||||||||||||||||</marc:controlfield>
      <marc:datafield tag="245" ind1="1" ind2="0">
         <marc:subfield code="a">Experimental Determination of the Extinction Coefficient of CdTe, CdSe, and CdS Nanocrystals</marc:subfield>
      </marc:datafield>
      <marc:datafield tag="700" ind1="1" ind2=" ">
         <marc:subfield code="a">W. William Yu</marc:subfield>
         <marc:subfield code="e">author</marc:subfield>
      </marc:datafield>
      <marc:datafield tag="700" ind1="1" ind2=" ">
         <marc:subfield code="a">Lianhua Qu</marc:subfield>
         <marc:subfield code="e">author</marc:subfield>
      </marc:datafield>
      <marc:datafield tag="700" ind1="1" ind2=" ">
         <marc:subfield code="a">Wenzhuo Guo</marc:subfield>
         <marc:subfield code="e">author</marc:subfield>
      </marc:datafield>
      <marc:datafield tag="700" ind1="1" ind2=" ">
         <marc:subfield code="a">Xiaogang Peng</marc:subfield>
         <marc:subfield code="e">author</marc:subfield>
      </marc:datafield>
      
      <marc:datafield tag="655" ind1=" " ind2="7">
         <marc:subfield code="a">journal article</marc:subfield>
      </marc:datafield>
      <marc:datafield tag="655" ind1=" " ind2="7">
         <marc:subfield code="a">article</marc:subfield>
         <marc:subfield code="2">bibtex</marc:subfield>
      </marc:datafield>
      <marc:datafield tag="260" ind1=" " ind2=" "/>
      <marc:datafield tag="520" ind1=" " ind2=" ">
         <marc:subfield code="a">The extinction coefficient per mole of nanocrystals at the first exitonic absorption peak, epsilon, for high-quality CdTe, CdSe, and CdS nanocrystals was found to be strongly dependent on the size of the nanocrystals, between a square and a cubic dependence. The measurements were carried out using either nanocrystals purified with monitored purification procedures or nanocrystals prepared through controlled etching methods. The nature of the surface ligands, the refractive index of the solvents, the PL quantum yield of the nanocrystals, the methods used for the synthesis of the nanocrystals, and the temperature for the measurements all did not show detectable influence on the extinction coefficient for a given sized nanocrystal within experimental error.</marc:subfield>
      </marc:datafield>
      <marc:datafield tag="650" ind1="1" ind2=" ">
         <marc:subfield code="a">light-emitting-diodes</marc:subfield>
         <marc:subfield code="x">quantum dots</marc:subfield>
         <marc:subfield code="x">semiconductor clusters</marc:subfield>
         <marc:subfield code="x">core/shell nanocrystals</marc:subfield>
         <marc:subfield code="x">alternative routes</marc:subfield>
         <marc:subfield code="x">growth</marc:subfield>
         <marc:subfield code="x">shape</marc:subfield>
         <marc:subfield code="x">monodisperse</marc:subfield>
         <marc:subfield code="x">absorption</marc:subfield>
         <marc:subfield code="x">polymer</marc:subfield>
      </marc:datafield>
      <marc:datafield tag="773" ind1="0" ind2=" ">
         <marc:subfield code="q">15:14&lt;2854</marc:subfield>
         <marc:subfield code="t">Chem. Mater.</marc:subfield>
      </marc:datafield>
      
      <marc:datafield tag="856" ind1=" " ind2=" ">
         <marc:subfield code="u">10.1021/cm034081k</marc:subfield>
      </marc:datafield>
      <marc:datafield tag="856" ind1=" " ind2=" ">
         <marc:subfield code="u">http://dx.doi.org/10.1021/cm034081k</marc:subfield>
      </marc:datafield>
   </marc:record>