
   <marc:record>
      <marc:leader>     nam  22     uu 4500</marc:leader>
      <marc:controlfield tag="008">      |           ||||||||||||||||||||||</marc:controlfield>
      <marc:datafield tag="245" ind1="1" ind2="0">
         <marc:subfield code="a">A Model for DNA Detection by Metal-Enhanced Fluorescence from Immobilized Silver Nanoparticles on Solid Substrate</marc:subfield>
      </marc:datafield>
      <marc:datafield tag="700" ind1="1" ind2=" ">
         <marc:subfield code="a">Jian Zhang</marc:subfield>
         <marc:subfield code="e">author</marc:subfield>
      </marc:datafield>
      <marc:datafield tag="700" ind1="1" ind2=" ">
         <marc:subfield code="a">Joseph R. Lakowicz</marc:subfield>
         <marc:subfield code="e">author</marc:subfield>
      </marc:datafield>
      
      <marc:datafield tag="655" ind1=" " ind2="7">
         <marc:subfield code="a">journal article</marc:subfield>
      </marc:datafield>
      <marc:datafield tag="655" ind1=" " ind2="7">
         <marc:subfield code="a">article</marc:subfield>
         <marc:subfield code="2">bibtex</marc:subfield>
      </marc:datafield>
      <marc:datafield tag="260" ind1=" " ind2=" "/>
      <marc:datafield tag="520" ind1=" " ind2=" ">
         <marc:subfield code="a">N-(2-Mercaptopropionyl)glycine (tiopronin)-coated silver nanoparticles (average diameter of metal core = 5 nm) were prepared by a modified Brust method. Tiopronin ligands were partially displaced by thiolate single-stranded oligonucleotides via ligand exchange. These particles were immobilized onto a solid substrate through hybridization with target oligonucleotides in a layer-by-layer approach. The dye-labeled complementary oligonucleotides were bound to the particle layers through hybridization. Fluorescence intensity was enhanced with a simultaneous increase of plasmon absorbance from accumulated particles. A steady state was shown at the 10th particle layer and then the fluorescence enhancement showed a plateau. This result reveals that increasing the particle layer contributes to fluorescence enhancement. This novel method was used to detect DNA hybridization through both absorbance and emission spectral changes.</marc:subfield>
      </marc:datafield>
      <marc:datafield tag="773" ind1="0" ind2=" ">
         <marc:subfield code="q">110:5&lt;2387</marc:subfield>
         <marc:subfield code="t">J. Phys. Chem. B</marc:subfield>
      </marc:datafield>
      
      <marc:datafield tag="856" ind1=" " ind2=" ">
         <marc:subfield code="u">10.1021/jp055370u</marc:subfield>
      </marc:datafield>
      <marc:datafield tag="856" ind1=" " ind2=" ">
         <marc:subfield code="u">http://dx.doi.org/10.1021/jp055370u</marc:subfield>
      </marc:datafield>
   </marc:record>