
   <marc:record>
      <marc:leader>     nam  22     uu 4500</marc:leader>
      <marc:controlfield tag="008">      |           ||||||||||||||||||||||</marc:controlfield>
      <marc:datafield tag="245" ind1="1" ind2="0">
         <marc:subfield code="a">Surface-enhanced fluorescence of fluorescein-labeled oligonucleotides capped on silver nanoparticles</marc:subfield>
      </marc:datafield>
      <marc:datafield tag="700" ind1="1" ind2=" ">
         <marc:subfield code="a">Jian Zhang</marc:subfield>
         <marc:subfield code="e">author</marc:subfield>
      </marc:datafield>
      <marc:datafield tag="700" ind1="1" ind2=" ">
         <marc:subfield code="a">Joanna Malicka</marc:subfield>
         <marc:subfield code="e">author</marc:subfield>
      </marc:datafield>
      <marc:datafield tag="700" ind1="1" ind2=" ">
         <marc:subfield code="a">Ignacy Gryczynski</marc:subfield>
         <marc:subfield code="e">author</marc:subfield>
      </marc:datafield>
      <marc:datafield tag="700" ind1="1" ind2=" ">
         <marc:subfield code="a">Joseph R. Lakowicz</marc:subfield>
         <marc:subfield code="e">author</marc:subfield>
      </marc:datafield>
      
      <marc:datafield tag="655" ind1=" " ind2="7">
         <marc:subfield code="a">journal article</marc:subfield>
      </marc:datafield>
      <marc:datafield tag="655" ind1=" " ind2="7">
         <marc:subfield code="a">article</marc:subfield>
         <marc:subfield code="2">bibtex</marc:subfield>
      </marc:datafield>
      <marc:datafield tag="260" ind1=" " ind2=" "/>
      <marc:datafield tag="520" ind1=" " ind2=" ">
         <marc:subfield code="a">Tiopronin monolayer-protected silver nanoparticles with different core sizes (average diameter = 2, 5, 20 nm) were prepared by using different mole ratios of silver nitrate/tiopronin. Ligands on the silver particles were partially displaced by fluorescein-labeled thiolate single-stranded oligonucleotides or their complementary unlabeled oligonucleotides through ligand exchange. The fluorophores on silver particles showed a surface-enhanced fluorescence (SEF) dependent on the size of metallic cores. The particles could be coupled through hybridizations of oligonucleotides bound on the particles. The coupled particles were aggregated due to multiple displacements of oligonucleotides on each particle, resulting in stronger SEF. The dye-labeled oligonucleotides were assembled on the silver islands on the solid substrate, and the complementary oligonucleotide-displaced particles were coupled via oligonucleotide hybridization. The couplings between particles and islands resulted in an obvious fluorescence enhancement.</marc:subfield>
      </marc:datafield>
      <marc:datafield tag="650" ind1="1" ind2=" ">
         <marc:subfield code="a">gold cluster molecules</marc:subfield>
         <marc:subfield code="x">raman-scattering</marc:subfield>
         <marc:subfield code="x">metal nanoparticles</marc:subfield>
         <marc:subfield code="x">monolayer</marc:subfield>
         <marc:subfield code="x">films</marc:subfield>
         <marc:subfield code="x">dna</marc:subfield>
         <marc:subfield code="x">particles</marc:subfield>
         <marc:subfield code="x">hybridization</marc:subfield>
         <marc:subfield code="x">luminescence</marc:subfield>
         <marc:subfield code="x">resonance</marc:subfield>
      </marc:datafield>
      <marc:datafield tag="773" ind1="0" ind2=" ">
         <marc:subfield code="q">109:16&lt;7643</marc:subfield>
         <marc:subfield code="t">J. Phys. Chem. B</marc:subfield>
      </marc:datafield>
      
      <marc:datafield tag="856" ind1=" " ind2=" ">
         <marc:subfield code="u">10.1021/jp0490103</marc:subfield>
      </marc:datafield>
      <marc:datafield tag="856" ind1=" " ind2=" ">
         <marc:subfield code="u">http://dx.doi.org/10.1021/jp0490103</marc:subfield>
      </marc:datafield>
   </marc:record>