
   <marc:record>
      <marc:leader>     nam  22     uu 4500</marc:leader>
      <marc:controlfield tag="008">      |           ||||||||||||||||||||||</marc:controlfield>
      <marc:datafield tag="245" ind1="1" ind2="0">
         <marc:subfield code="a">Enhanced fluorescence from Dy3+ owing to surface plasmon resonance of Au colloid nanoparticles</marc:subfield>
      </marc:datafield>
      <marc:datafield tag="700" ind1="1" ind2=" ">
         <marc:subfield code="a">J. Zhu</marc:subfield>
         <marc:subfield code="e">author</marc:subfield>
      </marc:datafield>
      
      <marc:datafield tag="655" ind1=" " ind2="7">
         <marc:subfield code="a">journal article</marc:subfield>
      </marc:datafield>
      <marc:datafield tag="655" ind1=" " ind2="7">
         <marc:subfield code="a">article</marc:subfield>
         <marc:subfield code="2">bibtex</marc:subfield>
      </marc:datafield>
      <marc:datafield tag="260" ind1=" " ind2=" "/>
      <marc:datafield tag="520" ind1=" " ind2=" ">
         <marc:subfield code="a">Gold colloidal containing rare earth ions Dy3+ were prepared at room temperature. Fluorescence spectra of Dy3+ ions and Au colloid containing Dy3+ were measured. For solution containing Dy3+, fluorescence emission occurs at visible light wavelength region. Two emission peaks are observed at 480 nm and 570 nm respectively when the corresponding excitation wavelength is at 350 nm. When An colloids were added to the solution containing Dy3+, both these two fluorescence peaks were enhanced. Furthermore, with the increasing Au content, the fluorescence increases first and then decreases. We believe that this increased fluorescence are due to the local field enhancement around Dy3+ ions owing to the induced higher orders of surface plasmon resonance. (c) 2005 Elsevier B.V. All rights reserved.</marc:subfield>
      </marc:datafield>
      <marc:datafield tag="650" ind1="1" ind2=" ">
         <marc:subfield code="a">gold nanorods</marc:subfield>
         <marc:subfield code="x">field enhancement</marc:subfield>
         <marc:subfield code="x">glass</marc:subfield>
         <marc:subfield code="x">luminescence</marc:subfield>
         <marc:subfield code="x">particles</marc:subfield>
         <marc:subfield code="x">spectra</marc:subfield>
         <marc:subfield code="x">metals</marc:subfield>
      </marc:datafield>
      <marc:datafield tag="773" ind1="0" ind2=" ">
         <marc:subfield code="q">59:11&lt;1413</marc:subfield>
         <marc:subfield code="t">Mater. Lett.</marc:subfield>
      </marc:datafield>
      
      <marc:datafield tag="856" ind1=" " ind2=" ">
         <marc:subfield code="u">10.1016/j.matlet.2004.11.060</marc:subfield>
      </marc:datafield>
      <marc:datafield tag="856" ind1=" " ind2=" ">
         <marc:subfield code="u">http://dx.doi.org/10.1016/j.matlet.2004.11.060</marc:subfield>
      </marc:datafield>
   </marc:record>