
   <marc:record>
      <marc:leader>     nam  22     uu 4500</marc:leader>
      <marc:controlfield tag="008">      s2005       ||||| ||||||||||||||||</marc:controlfield>
      <marc:datafield tag="245" ind1="1" ind2="0">
         <marc:subfield code="a">Zeta Potential - An Introduction in 30 Minutes</marc:subfield>
      </marc:datafield>
      <marc:datafield tag="110" ind1="2" ind2=" ">
         <marc:subfield code="a"/>
         <marc:subfield code="e">creator</marc:subfield>
      </marc:datafield>
      <marc:datafield tag="110" ind1="2" ind2=" ">
         <marc:subfield code="a"/>
         <marc:subfield code="e">creator</marc:subfield>
      </marc:datafield>
      
      <marc:datafield tag="655" ind1=" " ind2="7">
         <marc:subfield code="a">manual</marc:subfield>
         <marc:subfield code="2">bibtex</marc:subfield>
      </marc:datafield>
      <marc:datafield tag="260" ind1=" " ind2=" ">
         <marc:subfield code="c">2005</marc:subfield>
      </marc:datafield>
      
         
      
      
      <marc:datafield tag="856" ind1=" " ind2=" ">
         <marc:subfield code="u">http://purl.org/NET/malvern/MRK654-01</marc:subfield>
      </marc:datafield>
   </marc:record>