
   <marc:record>
      <marc:leader>     nam  22     uu 4500</marc:leader>
      <marc:controlfield tag="008">      s2002       ||||| ||||||||||||||||</marc:controlfield>
      <marc:datafield tag="245" ind1="1" ind2="0">
         <marc:subfield code="a">Streptavidin SQ for the Diagnostic Industry</marc:subfield>
      </marc:datafield>
      <marc:datafield tag="110" ind1="2" ind2=" ">
         <marc:subfield code="a"/>
         <marc:subfield code="e">creator</marc:subfield>
      </marc:datafield>
      <marc:datafield tag="110" ind1="2" ind2=" ">
         <marc:subfield code="a"/>
         <marc:subfield code="e">creator</marc:subfield>
      </marc:datafield>
      
      <marc:datafield tag="655" ind1=" " ind2="7">
         <marc:subfield code="a">manual</marc:subfield>
         <marc:subfield code="2">bibtex</marc:subfield>
      </marc:datafield>
      <marc:datafield tag="250" ind1=" " ind2=" ">
         <marc:subfield code="a">2.</marc:subfield>
      </marc:datafield>
      <marc:datafield tag="260" ind1=" " ind2=" ">
         <marc:subfield code="a">Sandhofer Straße 116, 68305 Mannheim</marc:subfield>
         <marc:subfield code="c">2002</marc:subfield>
      </marc:datafield>
      
         
      
      <marc:datafield tag="500" ind1=" " ind2=" ">
         <marc:subfield code="a">{ \mbox{\href{http://www.roche-applied-science.com/indbio_neu/more/printed/pdf/streptavidin_3.pdf}{http://tinyurl.com/23se87}}}</marc:subfield>
      </marc:datafield>
      
      <marc:datafield tag="856" ind1=" " ind2=" ">
         <marc:subfield code="u">http://www.roche-applied-science.com/indbio_neu/more/printed/pdf/streptavidin_3.pdf</marc:subfield>
      </marc:datafield>
   </marc:record>