
   <marc:record>
      <marc:leader>     nam  22     uu 4500</marc:leader>
      <marc:controlfield tag="008">      s1990       ||||| ||||||||||||||||</marc:controlfield>
      <marc:datafield tag="245" ind1="1" ind2="0">
         <marc:subfield code="a">Training Manual on Gracilaria Culture and Seaweed Processing in China</marc:subfield>
      </marc:datafield>
      <marc:datafield tag="110" ind1="2" ind2=" ">
         <marc:subfield code="a"/>
         <marc:subfield code="e">creator</marc:subfield>
      </marc:datafield>
      <marc:datafield tag="110" ind1="2" ind2=" ">
         <marc:subfield code="a"/>
         <marc:subfield code="e">creator</marc:subfield>
      </marc:datafield>
      
      <marc:datafield tag="655" ind1=" " ind2="7">
         <marc:subfield code="a">manual</marc:subfield>
         <marc:subfield code="2">bibtex</marc:subfield>
      </marc:datafield>
      <marc:datafield tag="260" ind1=" " ind2=" ">
         <marc:subfield code="c">1990</marc:subfield>
      </marc:datafield>
      
         
      
      <marc:datafield tag="520" ind1=" " ind2=" ">
         <marc:subfield code="a">Gracilaria is a group of warm water seaweeds. There are more than one hundred species in the world, some of which have very important economic value. Gracilaria is used as food and in the preparation of food products. It is also an important raw material in agar-agar production. At present, the world's annual output of Gracilaria is about 30,000 tons, dry weight, most of which comes from natural production. For example, the natural production in Chile, Argentina, and Brazil accounts for one third of this total output. With the increasing demand for Gracilaria, greater attention has been focused on the development of its artificial culture by many countries, especially those in Southeast Asia. China is the earliest country that artificially cultured Gracilaria. Today, the culture area in South China is about 2,000 ha producing 3,000 tons dried material annually. Taiwan produces 1,000 tons dried Gracilaria yearly from 400 hectares under cultivation. Nowadays, Gracilaria is cultured mainly using the following methods: bottom culture, raft culture, stake-rope culture and pond culture. Pond culture can be divided into two systems, monoculture and polyculture with shrimp and other species. The varieties of culture methods can be adapted for different areas. In view of the importance of Gracilaria as a seafarming commodity, the National Coordinators of the Regional Seafarming Project recommended the dissemination of its culture and processing technology, through a regional training and demonstration activity, as a means to further increase the opportunities to develop the seafarming industry of the region.</marc:subfield>
      </marc:datafield>
      
      <marc:datafield tag="856" ind1=" " ind2=" ">
         <marc:subfield code="u">http://www.fao.org/docrep/field/003/AB730E/AB730E03.htm</marc:subfield>
      </marc:datafield>
   </marc:record>
</marc:collection>